2259 3500
308 121 372 169 80
929 119 1295 169 ἩΡΟΔΟΤΟΤ
1778 123 1909 188 [VI.

309 199 586 275 διπλήσια
626 199 891 276 νέμοντας
935 198 1173 277 ἑκατέρῳ
1214 196 1287 258 τοὶ
1325 196 1513 258 πάντα
1546 195 1584 274 ἦ
1618 205 1775 262 τοῖσι
1810 203 1909 264 ἅλ-

305 291 467 347 λοισι
493 285 866 363 δαιτυμόνεσι·
895 287 988 345 καὶ
1013 285 1398 365 σπονδαρχίας
1426 286 1563 347 εἶναι
1589 287 1800 350 τούτων
1818 317 1911 353 και

305 377 417 436 τῶν
451 376 720 436 τυθέντων
760 373 1064 452 προβάτων
1103 401 1179 435 τα
1214 374 1478 451 δέρματα·
1521 378 1813 454 νεομηνίας
1850 381 1912 441 δὲ

307 461 414 523 ἄνα
453 462 644 526 πάσας
682 462 775 521 καὶ
817 462 1126 540 ἑβδόμαςε
1110 463 1413 573 ισταμένου
1452 466 1555 523 τοῦ
1596 464 1787 541 μηνὸς,
1832 467 1910 529 δι’-

305 550 511 611 δοσθαι
553 556 614 610 ἐκ
654 553 754 610 τοῦ
797 551 1127 628 δημοσίουε
1109 549 1289 627 ιρήὶον
1324 552 1600 611 τέλειονε
1574 553 1813 633 εκατέρῳ
1854 561 1911 621 ἐς

305 637 682 710 Ἀπόλλωνος,
705 638 798 699 καὶ
822 640 1090 717 μέδιμνον
1115 637 1387 715 οἷλφίτων,
1418 639 1511 698 καὶ
1538 641 1690 699 οἴνου
1714 643 1908 721 τετάρ-

301 751 410 802 την
437 727 778 804 Λακωνικήν·
821 728 913 786 καὶ
945 733 1004 788 ἐν
1035 730 1191 788 τοῖσι
1223 725 1407 806 αγῶσι
1438 753 1583 786 πασι
1613 729 1909 807 προεδρίας

305 815 638 893 ἐξαιρέτους·
701 817 793 875 καὶ
845 817 1167 893 προξείνους
1218 814 1601 874 ἀποδεικνύναι
1652 816 1907 879 τούτοισι

301 905 679 979 προσκεῖσθαι
713 904 844 967 τούς
881 901 950 963 ἂν
985 904 1231 963 ἐθέλωσι
1268 906 1379 962 τῶν
1418 901 1626 963 ἆστῶν·
1668 905 1761 964 καὶ
1787 913 1904 966 Πυ-

304 991 455 1055 θίους
479 993 766 1070 αἱρέεσθαι
791 990 890 1050 δύο
919 991 1197 1068 ἑκάτερον·
1228 991 1309 1071 (οἶ
1336 990 1395 1050 δὲ
1410 989 1624 1050 Πύθιοί
1645 997 1755 1052 εἰσι
1783 995 1903 1056 θεο-

301 1078 512 1155 πρόποι
545 1086 599 1142 ἐς
627 1078 907 1155 Δελφούς,
936 1079 1250 1155 σιτεόμενοι
1290 1077 1433 1155 μετὰ
1465 1081 1577 1139 τῶν
1608 1081 1905 1156 βασιλέων

302 1165 374 1226 τᾶ
415 1165 706 1247 δημόσια.)
785 1166 866 1242 μή
897 1168 1134 1226 ἐλθοῦσι
1170 1166 1230 1226 δὲ
1268 1169 1421 1226 τοῖσι
1454 1168 1769 1242 βασιλεῦσι
1810 1172 1903 1231 ἐπὶ

299 1252 369 1313 τό
410 1251 647 1324 δεῖπνον,
674 1253 1115 1330 ἀποπέμπεσθαί
1148 1259 1261 1330 σφι
1288 1259 1344 1316 ἐς
1366 1254 1437 1314 τὰ
1466 1255 1611 1314 οἰκία
1648 1254 1903 1333 ἀλφίτων

301 1339 366 1402 τε
391 1340 490 1401 δύο
505 1339 762 1420 ’χοίνικας
783 1342 1016 1420 ἑκατέρῳ
1039 1341 1135 1401 καὶ
1154 1342 1303 1402 οἴνου
1326 1341 1585 1419 κοτύλην·
1626 1351 1901 1422 παρεοῦσι

299 1429 362 1489 δὲ
401 1427 680 1506 διπλήσια
715 1429 899 1490 πάντα
941 1429 1219 1489 δίδοσθαι·
1258 1428 1436 1490 vdua-6
1485 1431 1545 1489 δὲ
1588 1434 1760 1492 τοῦτο
1806 1436 1900 1496 καὶ

219 1567 224 1572 .
299 1517 440 1596 πρός
479 1517 730 1578 ἰδιωτέων
765 1518 1072 1594 κληθέντας
1098 1517 1194 1577 ἐπὶ
1218 1517 1441 1578 δεῖπνον
1463 1521 1759 1595 τιμᾶσθαι·
1799 1522 1901 1594 τὰς

298 1606 360 1666 δὲ
383 1607 652 1685 μαντηίας
675 1607 776 1671 τιὶς
798 1606 1094 1689 γινομένας
1123 1606 1354 1669 τούτους
1385 1606 1725 1682 φυλάσσειν·
1766 1636 1898 1672 συν-

297 1693 496 1759 ειδέναι
539 1696 600 1757 δὲ
645 1695 756 1757 καί
782 1695 910 1761 τούς
958 1695 1225 1760 Πυθίους·
1274 1693 1509 1767 δικάζειν
1556 1694 1615 1755 δὲ
1660 1696 1899 1773 μούνους

297 1784 428 1848 τούς
451 1785 734 1861 βασιλέας
766 1785 976 1844 τοσάδε
1014 1787 1215 1861 μοῦνα·
1255 1783 1577 1862 πατρούχου
1601 1809 1667 1844 τε
1691 1788 1894 1863 παρθέ-

294 1898 392 1933 νου
426 1873 555 1949 πέρι
598 1878 652 1935 ἐς
687 1872 788 1932 τόν
826 1873 1060 1931 ἱκνέεται
1103 1872 1266 1950 ἔχειν,
1292 1868 1364 1946 ἦν
1397 1870 1478 1948 μή
1510 1896 1617 1949 περ
1646 1871 1681 1931 0‘
1707 1874 1896 1952 πατὴρ

293 1959 468 2035 αὐτὴν
510 1960 780 2039 ἐγγυήσῃ·
824 1958 916 2017 καὶ
960 1958 1102 2017 ὁδῶν
1148 1958 1459 2034 δημοσιέων
1501 1959 1647 2037 πέρι·
1689 1961 1783 2020 καὶ
1823 1964 1896 2038 ἤν

292 2072 376 2109 τις
403 2046 566 2107 θετόν
597 2046 770 2105 παῖδα
795 2045 1088 2106 ποιέεσθαι
1114 2045 1300 2123 ἐθέλῃ,
1327 2047 1621 2122 βασιλέων
1648 2050 1895 2112 ἐναντίον

291 2134 604 2193 ποιέεσθαι·
647 2133 740 2191 καὶ
777 2134 1028 2209 παρίζειν
1061 2132 1413 2209 βουλεύουσι
1451 2137 1606 2195 τοῖσι
1639 2137 1890 2215 γέρουσι,

259 2255 266 2280 ι
291 2224 450 2281 εὀῧσι
477 2220 834 2282 δυῶνδεόυσι
863 2220 1182 2299 τριήκοντα·
1221 2219 1291 2297 ἣν
1318 2220 1378 2280 δὲ
1402 2220 1483 2297 μὴ
1511 2222 1735 2293 ἔλθωσι,
1762 2226 1894 2291 τούς

289 2308 546 2385 μάλιστά
586 2314 699 2384 σφι
737 2314 848 2370 τῶν
886 2308 1163 2391 γερόντων
1200 2308 1593 2385 προσήκοντας
1636 2312 1781 2390 ἔχειν
1820 2314 1895 2373 ταῖ

286 2400 399 2456 τῶν
423 2397 714 2473 βασιλέων
749 2398 934 2479 γέρεα,
963 2397 1061 2457 δύο
1088 2396 1321 2476 ψήφους
1339 2398 1675 2472 τιθεμένους,
1700 2401 1893 2477 τρίτην

289 2483 368 2554 δὲ,
392 2483 496 2559 τήν
523 2488 750 2546 ἑωυτῶν.

193 2573 272 2630 58
368 2575 556 2633 Ταῦτα
594 2576 697 2650 μὲν
735 2574 875 2644 ζῶσι
906 2576 1062 2634 τοῖσι
1092 2574 1411 2650 βασιλεῦσι
1444 2572 1662 2632 δέδοται
1693 2579 1755 2634 ἐκ
1788 2580 1891 2635 τοῦ

289 2664 474 2719 κοινοῦ
513 2664 624 2720 τῶν
667 2662 1074 2739 Σπαρτιητέων·
1121 2660 1474 2721 ἀποθανοῦσι
1512 2660 1573 2719 δὲ
1608 2661 1759 2721 τάδε·
1805 2667 1889 2722 ἱπ-

287 2748 417 2811 πέες
456 2750 935 2830 περιαγγέλλουσι
974 2748 1042 2809 τὸ
1085 2746 1319 2830 γεγονὸς
1364 2746 1506 2809 κατοῖ
1550 2752 1743 2810 πᾶσαν
1786 2751 1891 2827 τὴν

287 2836 628 2913 Λακωνικήν·
671 2836 811 2897 κατοὶ
850 2837 910 2897 δὲ
940 2836 1047 2913 τήν
1085 2836 1257 2897 πόλιν
1290 2841 1542 2919 γυναῖκες
1568 2842 1889 2915 περιῖοΰσαι

288 2924 510 3000 λέβητα
537 2926 848 3003 κροτέουσι·
891 2925 1058 2986 ἐπεὰν
1085 2924 1161 2985 ὧν
1186 2929 1353 2985 τοῦτο
1383 2925 1612 3006 γένηται
1645 2930 1886 2999 τοιοῦτο,

287 3009 502 3093 ἀνάγκη
540 3014 602 3082 ἐξ
631 3014 804 3089 οἰκίης
839 3013 1079 3090 ἑκάστης
1115 3014 1437 3090 ἐλευθέρους
1462 3011 1563 3073 δύο
1601 3016 1887 3091 καταμιαί-

289 3102 500 3169 νεσθαι,
521 3100 694 3179 ἄνδρα
719 3128 780 3162 τε
807 3102 900 3161 καὶ
924 3105 1177 3181 γυναῖκα·
1218 3100 1300 3177 μή
1329 3098 1609 3177 ποιήσασι
1635 3101 1694 3159 δὲ
1719 3105 1887 3161 τοῦτο

287 3184 478 3261 ζημίαι
507 3189 752 3270 μεγάλαι
789 3191 1088 3249 ἐπικέαται·
1131 3187 1303 3265 νόμος
1344 3189 1403 3249 δὲ
1439 3192 1593 3247 τοῖσι
1620 3188 1885 3247 Λακεδαι-

287 3275 534 3344 μονίοισι
582 3278 722 3340 κατὰ
764 3283 875 3339 τῶν
915 3276 1213 3354 βασιλέων
1262 3276 1395 3339 τούς
1448 3274 1717 3336 θανάτους
1762 3275 1882 3332 ἐστὶ
