<?xml version="1.0" encoding="UTF-8"?>
<!DOCTYPE html PUBLIC "-//W3C//DTD XHTML 1.0 Transitional//EN"
    "http://www.w3.org/TR/xhtml1/DTD/xhtml1-transitional.dtd">
<html xmlns="http://www.w3.org/1999/xhtml" xml:lang="en" lang="en">
 <head>
  <title>
</title>
<meta http-equiv="Content-Type" content="text/html;charset=utf-8" />
  <meta name='ocr-system' content='tesseract 3.04.00' />
  <meta name='ocr-capabilities' content='ocr_page ocr_carea ocr_par ocr_line ocrx_word'/>
</head>
<body>
  <div class='ocr_page' id='page_1' title='image "./herodotus18herogoog_0086.png"; bbox 0 0 2259 3500; ppageno 0'>
   <div class='ocr_carea' id='block_1_1' title="bbox 215 103 1917 3342">
    <p class='ocr_par' dir='ltr' id='par_1_1' title="bbox 215 103 1917 3342">
     <span class='ocr_line' id='line_1_1' title="bbox 311 103 1904 174; baseline 0 -15"><span class='ocrx_word' id='word_1_1' title='bbox 311 111 375 164; x_wconf 83' lang='lat'>78</span> <span class='ocrx_word' id='word_1_2' title='bbox 630 139 636 144; x_wconf 90' lang='lat'>-</span> <span class='ocrx_word' id='word_1_3' title='bbox 918 103 1283 158; x_wconf 68' lang='lat' dir='ltr'><strong>‘flPOAomo‘r</strong></span> <span class='ocrx_word' id='word_1_4' title='bbox 1784 110 1904 174; x_wconf 83' lang='lat' dir='ltr'>[VI.</span> 
     </span>
     <span class='ocr_line' id='line_1_2' title="bbox 309 187 1913 266; baseline 0 -14"><span class='ocrx_word' id='word_1_5' title='bbox 309 191 437 252; x_wconf 85' lang='grc' dir='ltr'>τότε</span> <span class='ocrx_word' id='word_1_6' title='bbox 493 191 682 252; x_wconf 81' lang='grc' dir='ltr'>ἐόντας</span> <span class='ocrx_word' id='word_1_7' title='bbox 729 191 1051 264; x_wconf 82' lang='grc' dir='ltr'>βουλεῦσαι</span> <span class='ocrx_word' id='word_1_8' title='bbox 1099 187 1241 249; x_wconf 72' lang='grc' dir='ltr'>κατὰ</span> <span class='ocrx_word' id='word_1_9' title='bbox 1287 188 1459 266; x_wconf 85' lang='grc' dir='ltr'>νόμον</span> <span class='ocrx_word' id='word_1_10' title='bbox 1505 191 1757 265; x_wconf 83' lang='grc' dir='ltr'>βασιλέα</span> <span class='ocrx_word' id='word_1_11' title='bbox 1801 194 1913 252; x_wconf 74' lang='grc' dir='ltr'>τῶν</span> 
     </span>
     <span class='ocr_line' id='line_1_3' title="bbox 310 275 1917 355; baseline 0.001 -18"><span class='ocrx_word' id='word_1_12' title='bbox 310 279 520 338; x_wconf 83' lang='grc' dir='ltr'>παίδων</span> <span class='ocrx_word' id='word_1_13' title='bbox 535 277 633 337; x_wconf 85' lang='grc' dir='ltr'>τόν</span> <span class='ocrx_word' id='word_1_14' title='bbox 648 275 1038 353; x_wconf 87' lang='grc' dir='ltr'>πρεσβύτερον</span> <span class='ocrx_word' id='word_1_15' title='bbox 1053 275 1429 351; x_wconf 85' lang='grc' dir='ltr'>ποιήσασθαι·</span> <span class='ocrx_word' id='word_1_16' title='bbox 1452 275 1625 338; x_wconf 77' lang='grc' dir='ltr'>οὔκων</span> <span class='ocrx_word' id='word_1_17' title='bbox 1645 279 1714 354; x_wconf 88' lang='grc' dir='ltr'>δή</span> <span class='ocrx_word' id='word_1_18' title='bbox 1730 285 1917 355; x_wconf 86' lang='grc' dir='ltr'>σφεας</span> 
     </span>
     <span class='ocr_line' id='line_1_4' title="bbox 315 363 1917 444; baseline 0.002 -20"><span class='ocrx_word' id='word_1_19' title='bbox 315 367 458 444; x_wconf 82' lang='grc' dir='ltr'>ἔχειν</span> <span class='ocrx_word' id='word_1_20' title='bbox 503 365 765 440; x_wconf 77' lang='grc' dir='ltr'>ὁκότερον</span> <span class='ocrx_word' id='word_1_21' title='bbox 811 365 1057 432; x_wconf 76' lang='grc' dir='ltr'>ἕλωνται,</span> <span class='ocrx_word' id='word_1_22' title='bbox 1099 363 1243 423; x_wconf 79' lang='grc' dir='ltr'>ὥστε</span> <span class='ocrx_word' id='word_1_23' title='bbox 1280 365 1371 423; x_wconf 83' lang='grc' dir='ltr'>καὶ</span> <span class='ocrx_word' id='word_1_24' title='bbox 1408 365 1613 441; x_wconf 79' lang='grc' dir='ltr'>ὁμοίων</span> <span class='ocrx_word' id='word_1_25' title='bbox 1648 367 1741 425; x_wconf 86' lang='grc' dir='ltr'>καὶ</span> <span class='ocrx_word' id='word_1_26' title='bbox 1778 368 1917 430; x_wconf 79' lang='grc' dir='ltr'>ἴσων</span> 
     </span>
     <span class='ocr_line' id='line_1_5' title="bbox 312 450 1912 532; baseline 0.002 -20"><span class='ocrx_word' id='word_1_27' title='bbox 312 453 526 522; x_wconf 79' lang='grc' dir='ltr'>ἐόντων,</span> <span class='ocrx_word' id='word_1_28' title='bbox 558 450 621 510; x_wconf 80' lang='grc' dir='ltr'>ού</span> <span class='ocrx_word' id='word_1_29' title='bbox 655 451 988 528; x_wconf 80' lang='grc' dir='ltr'>δυναμένους</span> <span class='ocrx_word' id='word_1_30' title='bbox 1017 452 1077 510; x_wconf 83' lang='grc' dir='ltr'>δὲ</span> <span class='ocrx_word' id='word_1_31' title='bbox 1101 455 1323 532; x_wconf 76' lang='grc' dir='ltr'>γνῶναι,</span> <span class='ocrx_word' id='word_1_32' title='bbox 1348 450 1385 528; x_wconf 83' lang='grc' dir='ltr'><em>ἢ</em></span> <span class='ocrx_word' id='word_1_33' title='bbox 1428 453 1520 510; x_wconf 83' lang='grc' dir='ltr'>καὶ</span> <span class='ocrx_word' id='word_1_34' title='bbox 1555 453 1665 530; x_wconf 81' lang='grc' dir='ltr'>πρὸ</span> <span class='ocrx_word' id='word_1_35' title='bbox 1697 455 1912 526; x_wconf 88' lang='grc' dir='ltr'>τούτου,</span> 
     </span>
     <span class='ocr_line' id='line_1_6' title="bbox 312 538 1915 618; baseline 0.002 -20"><span class='ocrx_word' id='word_1_36' title='bbox 312 543 628 616; x_wconf 75' lang='grc' dir='ltr'>ἐπειρωτᾶν</span> <span class='ocrx_word' id='word_1_37' title='bbox 647 539 751 615; x_wconf 77' lang='grc' dir='ltr'>τήν</span> <span class='ocrx_word' id='word_1_38' title='bbox 790 543 1084 599; x_wconf 79' lang='grc' dir='ltr'>τεκοῦσαν·</span> <span class='ocrx_word' id='word_1_39' title='bbox 1125 538 1229 615; x_wconf 80' lang='grc' dir='ltr'>τήν</span> <span class='ocrx_word' id='word_1_40' title='bbox 1265 539 1324 598; x_wconf 80' lang='grc' dir='ltr'>δὲ</span> <span class='ocrx_word' id='word_1_41' title='bbox 1367 538 1493 598; x_wconf 75' lang='grc' dir='ltr'>οὐδὲ</span> <span class='ocrx_word' id='word_1_42' title='bbox 1528 539 1703 616; x_wconf 72' lang='grc' dir='ltr'>αὐτὴν</span> <span class='ocrx_word' id='word_1_43' title='bbox 1739 543 1915 618; x_wconf 81' lang='grc' dir='ltr'>φάναι</span> 
     </span>
     <span class='ocr_line' id='line_1_7' title="bbox 314 625 1916 708; baseline 0.002 -22"><span class='ocrx_word' id='word_1_44' title='bbox 314 627 710 708; x_wconf 80' lang='grc' dir='ltr'>διαγινώσκειν,</span> <span class='ocrx_word' id='word_1_45' title='bbox 743 627 944 687; x_wconf 80' lang='grc' dir='ltr'>εἰδυῖαν</span> <span class='ocrx_word' id='word_1_46' title='bbox 971 629 1074 704; x_wconf 81' lang='grc' dir='ltr'>μὲν</span> <span class='ocrx_word' id='word_1_47' title='bbox 1101 628 1195 686; x_wconf 84' lang='grc' dir='ltr'>καὶ</span> <span class='ocrx_word' id='word_1_48' title='bbox 1208 625 1285 687; x_wconf 58' lang='grc' dir='ltr'>’τό</span> <span class='ocrx_word' id='word_1_49' title='bbox 1314 627 1489 705; x_wconf 83' lang='grc' dir='ltr'>κάρτα</span> <span class='ocrx_word' id='word_1_50' title='bbox 1514 628 1701 708; x_wconf 89' lang='grc' dir='ltr'>λέγειν</span> <span class='ocrx_word' id='word_1_51' title='bbox 1739 635 1916 690; x_wconf 83' lang='grc' dir='ltr'>ταῦτα</span> 
     </span>
     <span class='ocr_line' id='line_1_8' title="bbox 309 712 1912 797; baseline 0.002 -23"><span class='ocrx_word' id='word_1_52' title='bbox 309 717 667 792; x_wconf 83' lang='grc' dir='ltr'>βουλομένην</span> <span class='ocrx_word' id='word_1_53' title='bbox 695 715 754 774; x_wconf 87' lang='grc' dir='ltr'>δὲ</span> <span class='ocrx_word' id='word_1_54' title='bbox 783 716 833 774; x_wconf 80' lang='grc' dir='ltr'>εἴ</span> <span class='ocrx_word' id='word_1_55' title='bbox 857 712 961 778; x_wconf 79' lang='grc' dir='ltr'>κως</span> <span class='ocrx_word' id='word_1_56' title='bbox 994 713 1307 792; x_wconf 74' lang='grc' dir='ltr'>ἀμφότεροι</span> <span class='ocrx_word' id='word_1_57' title='bbox 1338 715 1593 797; x_wconf 84' lang='grc' dir='ltr'>γενοίατο</span> <span class='ocrx_word' id='word_1_58' title='bbox 1620 717 1912 792; x_wconf 84' lang='grc' dir='ltr'>βασιλέες·</span> 
     </span>
     <span class='ocr_line' id='line_1_9' title="bbox 310 801 1914 880; baseline 0.001 -18"><span class='ocrx_word' id='word_1_59' title='bbox 310 803 439 866; x_wconf 77' lang='grc' dir='ltr'>τούς</span> <span class='ocrx_word' id='word_1_60' title='bbox 473 802 547 864; x_wconf 81' lang='grc' dir='ltr'>ὧν</span> <span class='ocrx_word' id='word_1_61' title='bbox 583 803 650 878; x_wconf 76' lang='grc' dir='ltr'><strong><em>δὴ</em></strong></span> <span class='ocrx_word' id='word_1_62' title='bbox 679 803 1148 879; x_wconf 86' lang='grc' dir='ltr'>Λακεδαιμονίους</span> <span class='ocrx_word' id='word_1_63' title='bbox 1174 801 1446 880; x_wconf 76' lang='grc' dir='ltr'>ἀπορέειν·</span> <span class='ocrx_word' id='word_1_64' title='bbox 1490 801 1828 880; x_wconf 75' lang='grc' dir='ltr'>ἀπορέοντας</span> <span class='ocrx_word' id='word_1_65' title='bbox 1855 805 1914 864; x_wconf 84' lang='grc' dir='ltr'>δὲ</span> 
     </span>
     <span class='ocr_line' id='line_1_10' title="bbox 311 889 1913 970; baseline 0.002 -21"><span class='ocrx_word' id='word_1_66' title='bbox 311 892 549 969; x_wconf 84' lang='grc' dir='ltr'>πέμπειν</span> <span class='ocrx_word' id='word_1_67' title='bbox 577 896 631 955; x_wconf 86' lang='grc' dir='ltr'>ἐς</span> <span class='ocrx_word' id='word_1_68' title='bbox 659 889 942 966; x_wconf 77' lang='grc' dir='ltr'>Δελφοῦς,</span> <span class='ocrx_word' id='word_1_69' title='bbox 974 892 1437 967; x_wconf 86' lang='grc' dir='ltr'>ἐπειρησομένους</span> <span class='ocrx_word' id='word_1_70' title='bbox 1462 889 1495 950; x_wconf 82' lang='grc' dir='ltr'><em>ὅ</em></span> <span class='ocrx_word' id='word_1_71' title='bbox 1519 916 1576 950; x_wconf 87' lang='grc' dir='ltr'>τι</span> <span class='ocrx_word' id='word_1_72' title='bbox 1600 891 1913 970; x_wconf 87' lang='grc' dir='ltr'>χρήσονται</span> 
     </span>
     <span class='ocr_line' id='line_1_11' title="bbox 307 977 1910 1064; baseline -0.001 -24"><span class='ocrx_word' id='word_1_73' title='bbox 307 983 384 1058; x_wconf 74' lang='grc' dir='ltr'>τῷ</span> <span class='ocrx_word' id='word_1_74' title='bbox 410 979 696 1060; x_wconf 79' lang='grc' dir='ltr'>πρήγματι</span> <span class='ocrx_word' id='word_1_75' title='bbox 708 1005 724 1048; x_wconf 86' lang='lat'><em>3</em></span> <span class='ocrx_word' id='word_1_76' title='bbox 767 978 872 1054; x_wconf 77' lang='grc' dir='ltr'>τήν</span> <span class='ocrx_word' id='word_1_77' title='bbox 898 978 956 1036; x_wconf 80' lang='grc' dir='ltr'>δὲ</span> <span class='ocrx_word' id='word_1_78' title='bbox 984 979 1206 1054; x_wconf 78' lang='grc' dir='ltr'>Πυθίην</span> <span class='ocrx_word' id='word_1_79' title='bbox 1234 977 1477 1039; x_wconf 71' lang='grc' dir='ltr'>κελεύειν</span> <span class='ocrx_word' id='word_1_80' title='bbox 1511 980 1698 1064; x_wconf 86' lang='grc' dir='ltr'>σφέας</span> <span class='ocrx_word' id='word_1_81' title='bbox 1726 978 1910 1056; x_wconf 85' lang='grc' dir='ltr'>α’μφό-</span> 
     </span>
     <span class='ocr_line' id='line_1_12' title="bbox 308 1065 1911 1146; baseline 0.001 -21"><span class='ocrx_word' id='word_1_82' title='bbox 308 1093 442 1143; x_wconf 88' lang='grc' dir='ltr'>τερα</span> <span class='ocrx_word' id='word_1_83' title='bbox 474 1067 546 1126; x_wconf 72' lang='grc' dir='ltr'>τὰ</span> <span class='ocrx_word' id='word_1_84' title='bbox 583 1067 777 1125; x_wconf 87' lang='grc' dir='ltr'>παιδία</span> <span class='ocrx_word' id='word_1_85' title='bbox 807 1065 1139 1146; x_wconf 77' lang='grc' dir='ltr'>ἡγήσασθαι</span> <span class='ocrx_word' id='word_1_86' title='bbox 1164 1065 1460 1142; x_wconf 83' lang='grc' dir='ltr'>βασιλέας,</span> <span class='ocrx_word' id='word_1_87' title='bbox 1487 1071 1655 1142; x_wconf 77' lang='grc' dir='ltr'>τιμᾶν</span> <span class='ocrx_word' id='word_1_88' title='bbox 1682 1066 1741 1125; x_wconf 85' lang='grc' dir='ltr'>δὲ</span> <span class='ocrx_word' id='word_1_89' title='bbox 1766 1071 1911 1143; x_wconf 79' lang='grc' dir='ltr'>μᾶλ-</span> 
     </span>
     <span class='ocr_line' id='line_1_13' title="bbox 311 1153 1912 1234; baseline 0.001 -22"><span class='ocrx_word' id='word_1_90' title='bbox 311 1156 417 1213; x_wconf 87' lang='grc' dir='ltr'>λον</span> <span class='ocrx_word' id='word_1_91' title='bbox 451 1153 550 1214; x_wconf 80' lang='grc' dir='ltr'>τόν</span> <span class='ocrx_word' id='word_1_92' title='bbox 585 1153 923 1234; x_wconf 82' lang='grc' dir='ltr'>γεραίτερον·</span> <span class='ocrx_word' id='word_1_93' title='bbox 964 1153 1069 1228; x_wconf 75' lang='grc' dir='ltr'>τήν</span> <span class='ocrx_word' id='word_1_94' title='bbox 1102 1156 1207 1230; x_wconf 82' lang='grc' dir='ltr'>μὲν</span> <span class='ocrx_word' id='word_1_95' title='bbox 1239 1153 1307 1228; x_wconf 75' lang='grc' dir='ltr'>δὴ</span> <span class='ocrx_word' id='word_1_96' title='bbox 1336 1154 1556 1230; x_wconf 85' lang='grc' dir='ltr'>Πυθίην</span> <span class='ocrx_word' id='word_1_97' title='bbox 1589 1154 1765 1214; x_wconf 81' lang='grc' dir='ltr'>ταῦτά</span> <span class='ocrx_word' id='word_1_98' title='bbox 1800 1161 1912 1230; x_wconf 87' lang='grc' dir='ltr'>σφι</span> 
     </span>
     <span class='ocr_line' id='line_1_14' title="bbox 311 1235 1912 1318; baseline 0.001 -18"><span class='ocrx_word' id='word_1_99' title='bbox 311 1241 546 1300; x_wconf 77' lang='grc' dir='ltr'>ἀνελεῖν·</span> <span class='ocrx_word' id='word_1_100' title='bbox 570 1235 740 1300; x_wconf 57' lang='grc' dir='ltr'>ιλτοῖσι</span> <span class='ocrx_word' id='word_1_101' title='bbox 778 1241 837 1299; x_wconf 82' lang='grc' dir='ltr'>δὲ</span> <span class='ocrx_word' id='word_1_102' title='bbox 870 1241 1377 1317; x_wconf 88' lang='grc' dir='ltr'>Λακεδαιμονίοισι,</span> <span class='ocrx_word' id='word_1_103' title='bbox 1407 1239 1713 1318; x_wconf 73' lang='grc' dir='ltr'>ἀπορέουσι</span> <span class='ocrx_word' id='word_1_104' title='bbox 1754 1241 1912 1302; x_wconf 75' lang='grc' dir='ltr'>οὐδὲν</span> 
     </span>
     <span class='ocr_line' id='line_1_15' title="bbox 313 1326 1911 1406; baseline 0.001 -19"><span class='ocrx_word' id='word_1_105' title='bbox 313 1329 488 1388; x_wconf 76' lang='grc' dir='ltr'>ἕσσον</span> <span class='ocrx_word' id='word_1_106' title='bbox 525 1328 661 1390; x_wconf 82' lang='grc' dir='ltr'>ὅκως</span> <span class='ocrx_word' id='word_1_107' title='bbox 699 1326 958 1405; x_wconf 82' lang='grc' dir='ltr'>ἐξεύρωσι</span> <span class='ocrx_word' id='word_1_108' title='bbox 995 1326 1175 1389; x_wconf 73' lang='grc' dir='ltr'>αὐτῶν</span> <span class='ocrx_word' id='word_1_109' title='bbox 1210 1327 1309 1387; x_wconf 80' lang='grc' dir='ltr'>τᾶν</span> <span class='ocrx_word' id='word_1_110' title='bbox 1344 1328 1749 1406; x_wconf 87' lang='grc' dir='ltr'>πρεσβύτερον,</span> <span class='ocrx_word' id='word_1_111' title='bbox 1777 1328 1911 1389; x_wconf 79' lang='grc' dir='ltr'>ύπο-</span> 
     </span>
     <span class='ocr_line' id='line_1_16' title="bbox 312 1413 1909 1493; baseline 0 -17"><span class='ocrx_word' id='word_1_112' title='bbox 312 1417 514 1476; x_wconf 84' lang='grc' dir='ltr'>θέσθαι</span> <span class='ocrx_word' id='word_1_113' title='bbox 553 1415 725 1493; x_wconf 72' lang='grc' dir='ltr'>ἄνδρα</span> <span class='ocrx_word' id='word_1_114' title='bbox 753 1414 1086 1490; x_wconf 81' lang='grc' dir='ltr'>Μεσσήνιον</span> <span class='ocrx_word' id='word_1_115' title='bbox 1125 1419 1204 1493; x_wconf 78' lang='grc' dir='ltr'>τῷ</span> <span class='ocrx_word' id='word_1_116' title='bbox 1236 1413 1444 1492; x_wconf 80' lang='grc' dir='ltr'>οὕνομα</span> <span class='ocrx_word' id='word_1_117' title='bbox 1472 1415 1611 1476; x_wconf 84' lang='grc' dir='ltr'>εἶναι</span> <span class='ocrx_word' id='word_1_118' title='bbox 1640 1417 1909 1492; x_wconf 87' lang='grc' dir='ltr'>Πανίτην·</span> 
     </span>
     <span class='ocr_line' id='line_1_17' title="bbox 309 1503 1911 1578; baseline 0.001 -16"><span class='ocrx_word' id='word_1_119' title='bbox 309 1503 624 1564; x_wconf 74' lang='grc' dir='ltr'>ὑποθέσθαι</span> <span class='ocrx_word' id='word_1_120' title='bbox 665 1503 724 1564; x_wconf 81' lang='grc' dir='ltr'>δὲ</span> <span class='ocrx_word' id='word_1_121' title='bbox 763 1508 960 1564; x_wconf 82' lang='grc' dir='ltr'>τοῦτον</span> <span class='ocrx_word' id='word_1_122' title='bbox 997 1503 1096 1563; x_wconf 80' lang='grc' dir='ltr'>τὸν</span> <span class='ocrx_word' id='word_1_123' title='bbox 1123 1503 1375 1578; x_wconf 87' lang='grc' dir='ltr'>Πανίτην</span> <span class='ocrx_word' id='word_1_124' title='bbox 1400 1503 1531 1562; x_wconf 77' lang='grc' dir='ltr'>τάδε</span> <span class='ocrx_word' id='word_1_125' title='bbox 1556 1507 1709 1564; x_wconf 87' lang='grc' dir='ltr'>τοῖσι</span> <span class='ocrx_word' id='word_1_126' title='bbox 1734 1510 1911 1564; x_wconf 80' lang='grc' dir='ltr'>Λακε-</span> 
     </span>
     <span class='ocr_line' id='line_1_18' title="bbox 311 1589 1911 1672; baseline 0.002 -23"><span class='ocrx_word' id='word_1_127' title='bbox 311 1591 662 1670; x_wconf 85' lang='grc' dir='ltr'>δαιμονίοισι,</span> <span class='ocrx_word' id='word_1_128' title='bbox 703 1589 952 1668; x_wconf 69' lang='grc' dir='ltr'>φυλάξαι</span> <span class='ocrx_word' id='word_1_129' title='bbox 992 1590 1096 1667; x_wconf 77' lang='grc' dir='ltr'>τήν</span> <span class='ocrx_word' id='word_1_130' title='bbox 1136 1591 1463 1672; x_wconf 84' lang='grc' dir='ltr'>γειναμένην</span> <span class='ocrx_word' id='word_1_131' title='bbox 1503 1591 1765 1668; x_wconf 80' lang='grc' dir='ltr'>ὁκότερον</span> <span class='ocrx_word' id='word_1_132' title='bbox 1803 1596 1911 1653; x_wconf 78' lang='grc' dir='ltr'>τῶν</span> 
     </span>
     <span class='ocr_line' id='line_1_19' title="bbox 309 1677 1911 1758; baseline -0.001 -19"><span class='ocrx_word' id='word_1_133' title='bbox 309 1680 539 1740; x_wconf 85' lang='grc' dir='ltr'>παιδίων</span> <span class='ocrx_word' id='word_1_134' title='bbox 565 1679 838 1758; x_wconf 86' lang='grc' dir='ltr'>πρότερον</span> <span class='ocrx_word' id='word_1_135' title='bbox 861 1679 1018 1739; x_wconf 82' lang='grc' dir='ltr'>λούει</span> <span class='ocrx_word' id='word_1_136' title='bbox 1045 1679 1140 1738; x_wconf 82' lang='grc' dir='ltr'>καὶ</span> <span class='ocrx_word' id='word_1_137' title='bbox 1164 1681 1381 1751; x_wconf 83' lang='grc' dir='ltr'>σιτίζει·</span> <span class='ocrx_word' id='word_1_138' title='bbox 1419 1679 1518 1746; x_wconf 66' lang='grc' dir='ltr'>,καὶ</span> <span class='ocrx_word' id='word_1_139' title='bbox 1544 1677 1613 1756; x_wconf 86' lang='grc' dir='ltr'>ἦν</span> <span class='ocrx_word' id='word_1_140' title='bbox 1638 1682 1743 1758; x_wconf 82' lang='grc' dir='ltr'>μὲν</span> <span class='ocrx_word' id='word_1_141' title='bbox 1770 1679 1911 1740; x_wconf 83' lang='grc' dir='ltr'>κατοὶ</span> 
     </span>
     <span class='ocr_line' id='line_1_20' title="bbox 307 1768 1910 1845; baseline 0 -16"><span class='ocrx_word' id='word_1_142' title='bbox 307 1768 380 1829; x_wconf 82' lang='grc' dir='ltr'>τοὶ</span> <span class='ocrx_word' id='word_1_143' title='bbox 425 1768 566 1829; x_wconf 56' lang='lat' dir='ltr'>aab-&lt;2</span> <span class='ocrx_word' id='word_1_144' title='bbox 611 1769 876 1845; x_wconf 88' lang='grc' dir='ltr'>φαίνηται</span> <span class='ocrx_word' id='word_1_145' title='bbox 920 1769 1026 1828; x_wconf 81' lang='grc' dir='ltr'>αἰεὶ</span> <span class='ocrx_word' id='word_1_146' title='bbox 1068 1772 1325 1839; x_wconf 82' lang='grc' dir='ltr'>ποιεῦσα,</span> <span class='ocrx_word' id='word_1_147' title='bbox 1353 1768 1482 1832; x_wconf 75' lang='grc' dir='ltr'>τούς</span> <span class='ocrx_word' id='word_1_148' title='bbox 1524 1768 1584 1827; x_wconf 86' lang='grc' dir='ltr'>δὲ</span> <span class='ocrx_word' id='word_1_149' title='bbox 1620 1773 1734 1829; x_wconf 78' lang='grc' dir='ltr'>πᾶν</span> <span class='ocrx_word' id='word_1_150' title='bbox 1771 1769 1910 1839; x_wconf 78' lang='grc' dir='ltr'>ἕξειν</span> 
     </span>
     <span class='ocr_line' id='line_1_21' title="bbox 309 1854 1911 1935; baseline 0.001 -19"><span class='ocrx_word' id='word_1_151' title='bbox 309 1856 449 1917; x_wconf 83' lang='grc' dir='ltr'>ὅσον</span> <span class='ocrx_word' id='word_1_152' title='bbox 493 1882 548 1917; x_wconf 93' lang='grc' dir='ltr'>τι</span> <span class='ocrx_word' id='word_1_153' title='bbox 597 1858 688 1915; x_wconf 85' lang='grc' dir='ltr'>καὶ</span> <span class='ocrx_word' id='word_1_154' title='bbox 737 1857 980 1931; x_wconf 84' lang='grc' dir='ltr'>δίζηνται</span> <span class='ocrx_word' id='word_1_155' title='bbox 1029 1857 1120 1914; x_wconf 88' lang='grc' dir='ltr'>καὶ</span> <span class='ocrx_word' id='word_1_156' title='bbox 1164 1856 1398 1916; x_wconf 85' lang='grc' dir='ltr'>θέλουσι</span> <span class='ocrx_word' id='word_1_157' title='bbox 1445 1856 1699 1935; x_wconf 80' lang='grc' dir='ltr'>ἐξευρεῖν·</span> <span class='ocrx_word' id='word_1_158' title='bbox 1740 1854 1809 1933; x_wconf 84' lang='grc' dir='ltr'>ἢν</span> <span class='ocrx_word' id='word_1_159' title='bbox 1851 1859 1911 1917; x_wconf 85' lang='grc' dir='ltr'>δὲ</span> 
     </span>
     <span class='ocr_line' id='line_1_22' title="bbox 310 1942 1910 2023; baseline 0.003 -22"><span class='ocrx_word' id='word_1_160' title='bbox 310 1948 594 2004; x_wconf 78' lang='grc' dir='ltr'>πλανᾶται</span> <span class='ocrx_word' id='word_1_161' title='bbox 615 2006 628 2019; x_wconf 86' lang='lat'><strong>.</strong></span> <span class='ocrx_word' id='word_1_162' title='bbox 643 1944 734 2001; x_wconf 84' lang='grc' dir='ltr'>καὶ</span> <span class='ocrx_word' id='word_1_163' title='bbox 782 1944 959 2019; x_wconf 87' lang='grc' dir='ltr'>ἐκείνη</span> <span class='ocrx_word' id='word_1_164' title='bbox 1007 1943 1258 2012; x_wconf 73' lang='grc' dir='ltr'>ἐναλλὰξ</span> <span class='ocrx_word' id='word_1_165' title='bbox 1301 1949 1557 2015; x_wconf 85' lang='grc' dir='ltr'>ποιεῦσα,</span> <span class='ocrx_word' id='word_1_166' title='bbox 1607 1942 1753 2021; x_wconf 63' lang='grc' dir='ltr'>δῆλῗοὶ</span> <span class='ocrx_word' id='word_1_167' title='bbox 1796 1954 1910 2023; x_wconf 88' lang='grc' dir='ltr'>σφι</span> 
     </span>
     <span class='ocr_line' id='line_1_23' title="bbox 311 2028 1910 2111; baseline 0.003 -22"><span class='ocrx_word' id='word_1_168' title='bbox 311 2031 546 2091; x_wconf 84' lang='grc' dir='ltr'>ἔσεσθαι</span> <span class='ocrx_word' id='word_1_169' title='bbox 584 2030 654 2093; x_wconf 74' lang='grc' dir='ltr'>ὥς</span> <span class='ocrx_word' id='word_1_170' title='bbox 689 2028 813 2089; x_wconf 75' lang='grc' dir='ltr'>οὐδὲ</span> <span class='ocrx_word' id='word_1_171' title='bbox 842 2030 1019 2106; x_wconf 85' lang='grc' dir='ltr'>ἐκείνη</span> <span class='ocrx_word' id='word_1_172' title='bbox 1046 2030 1224 2091; x_wconf 87' lang='grc' dir='ltr'>πλέον</span> <span class='ocrx_word' id='word_1_173' title='bbox 1250 2030 1409 2092; x_wconf 72' lang='grc' dir='ltr'>οὐδὲν</span> <span class='ocrx_word' id='word_1_174' title='bbox 1436 2032 1567 2092; x_wconf 84' lang='grc' dir='ltr'>οἶδε·</span> <span class='ocrx_word' id='word_1_175' title='bbox 1613 2032 1696 2093; x_wconf 84' lang='grc' dir='ltr'>ἐπ’</span> <span class='ocrx_word' id='word_1_176' title='bbox 1724 2033 1910 2111; x_wconf 75' lang='grc' dir='ltr'>ἄλλην</span> 
     </span>
     <span class='ocr_line' id='line_1_24' title="bbox 308 2116 1907 2199; baseline 0.003 -24"><span class='ocrx_word' id='word_1_177' title='bbox 308 2119 374 2176; x_wconf 90' lang='grc' dir='ltr'>τέ</span> <span class='ocrx_word' id='word_1_178' title='bbox 405 2122 590 2194; x_wconf 84' lang='grc' dir='ltr'>σφεας</span> <span class='ocrx_word' id='word_1_179' title='bbox 631 2117 946 2195; x_wconf 89' lang='grc' dir='ltr'>τραπέσθαι</span> <span class='ocrx_word' id='word_1_180' title='bbox 981 2116 1129 2178; x_wconf 78' lang='grc' dir='ltr'>ὁδόν·</span> <span class='ocrx_word' id='word_1_181' title='bbox 1174 2120 1409 2181; x_wconf 83' lang='grc' dir='ltr'>ἐνθαῦτα</span> <span class='ocrx_word' id='word_1_182' title='bbox 1447 2120 1515 2196; x_wconf 76' lang='grc' dir='ltr'>δή</span> <span class='ocrx_word' id='word_1_183' title='bbox 1556 2121 1685 2183; x_wconf 81' lang='grc' dir='ltr'>τούς</span> <span class='ocrx_word' id='word_1_184' title='bbox 1722 2122 1907 2199; x_wconf 77' lang='grc' dir='ltr'>Σπαρ-</span> 
     </span>
     <span class='ocr_line' id='line_1_25' title="bbox 309 2204 1907 2284; baseline 0.002 -21"><span class='ocrx_word' id='word_1_185' title='bbox 309 2206 517 2280; x_wconf 82' lang='grc' dir='ltr'>τιήτας,</span> <span class='ocrx_word' id='word_1_186' title='bbox 557 2204 697 2265; x_wconf 72' lang='grc' dir='ltr'>κατὰ</span> <span class='ocrx_word' id='word_1_187' title='bbox 739 2204 839 2267; x_wconf 85' lang='grc' dir='ltr'>τοὶς</span> <span class='ocrx_word' id='word_1_188' title='bbox 879 2210 980 2265; x_wconf 84' lang='grc' dir='ltr'>τοῦ</span> <span class='ocrx_word' id='word_1_189' title='bbox 1017 2207 1353 2282; x_wconf 81' lang='grc' dir='ltr'>Μεσσηνίου</span> <span class='ocrx_word' id='word_1_190' title='bbox 1389 2207 1687 2284; x_wconf 73' lang='grc' dir='ltr'>ὑποθήκας,</span> <span class='ocrx_word' id='word_1_191' title='bbox 1728 2208 1907 2284; x_wconf 78' lang='grc' dir='ltr'>φυλά-</span> 
     </span>
     <span class='ocr_line' id='line_1_26' title="bbox 309 2291 1909 2371; baseline 0.005 -22"><span class='ocrx_word' id='word_1_192' title='bbox 309 2292 508 2361; x_wconf 68' lang='grc' dir='ltr'>ξαντας</span> <span class='ocrx_word' id='word_1_193' title='bbox 531 2291 635 2368; x_wconf 77' lang='grc' dir='ltr'>τήν</span> <span class='ocrx_word' id='word_1_194' title='bbox 660 2294 872 2370; x_wconf 90' lang='grc' dir='ltr'>μητέρα</span> <span class='ocrx_word' id='word_1_195' title='bbox 897 2296 1006 2353; x_wconf 75' lang='grc' dir='ltr'>τῶν</span> <span class='ocrx_word' id='word_1_196' title='bbox 1031 2292 1445 2371; x_wconf 84' lang='grc' dir='ltr'>Ἀριστοδήμου</span> <span class='ocrx_word' id='word_1_197' title='bbox 1470 2296 1678 2355; x_wconf 86' lang='grc' dir='ltr'>παίδων</span> <span class='ocrx_word' id='word_1_198' title='bbox 1703 2297 1909 2371; x_wconf 82' lang='grc' dir='ltr'>λαβεῖν</span> 
     </span>
     <span class='ocr_line' id='line_1_27' title="bbox 233 2380 1909 2461; baseline 0.004 -26"><span class='ocrx_word' id='word_1_199' title='bbox 233 2425 242 2435; x_wconf 92' lang='grc'><strong>.</strong></span> <span class='ocrx_word' id='word_1_200' title='bbox 311 2380 452 2439; x_wconf 84' lang='grc' dir='ltr'>κατοί</span> <span class='ocrx_word' id='word_1_201' title='bbox 477 2380 550 2440; x_wconf 85' lang='grc' dir='ltr'>τοὶ</span> <span class='ocrx_word' id='word_1_202' title='bbox 577 2380 715 2441; x_wconf 74' lang='grc' dir='ltr'>αὐτοὶ</span> <span class='ocrx_word' id='word_1_203' title='bbox 742 2385 998 2457; x_wconf 80' lang='grc' dir='ltr'>τιμῶσαν</span> <span class='ocrx_word' id='word_1_204' title='bbox 1022 2380 1122 2442; x_wconf 79' lang='grc' dir='ltr'>τᾶν</span> <span class='ocrx_word' id='word_1_205' title='bbox 1148 2382 1421 2461; x_wconf 84' lang='grc' dir='ltr'>πρότερον</span> <span class='ocrx_word' id='word_1_206' title='bbox 1447 2384 1539 2442; x_wconf 83' lang='grc' dir='ltr'>καὶ</span> <span class='ocrx_word' id='word_1_207' title='bbox 1566 2384 1780 2444; x_wconf 88' lang='grc' dir='ltr'>σίτοισι</span> <span class='ocrx_word' id='word_1_208' title='bbox 1817 2384 1909 2443; x_wconf 89' lang='grc' dir='ltr'>καὶ</span> 
     </span>
     <span class='ocr_line' id='line_1_28' title="bbox 310 2468 1908 2546; baseline 0.003 -21"><span class='ocrx_word' id='word_1_209' title='bbox 310 2472 618 2545; x_wconf 82' lang='grc' dir='ltr'>λουτροῖσι,</span> <span class='ocrx_word' id='word_1_210' title='bbox 648 2468 747 2527; x_wconf 74' lang='grc' dir='ltr'>οὐκ</span> <span class='ocrx_word' id='word_1_211' title='bbox 784 2470 987 2530; x_wconf 82' lang='grc' dir='ltr'>εἰδυῖαν</span> <span class='ocrx_word' id='word_1_212' title='bbox 1011 2474 1122 2530; x_wconf 79' lang='grc' dir='ltr'>τῶν</span> <span class='ocrx_word' id='word_1_213' title='bbox 1152 2470 1353 2531; x_wconf 83' lang='grc' dir='ltr'>εἵνεκεν</span> <span class='ocrx_word' id='word_1_214' title='bbox 1381 2469 1764 2546; x_wconf 77' lang='grc' dir='ltr'>ἐφυλάσσετο·</span> <span class='ocrx_word' id='word_1_215' title='bbox 1806 2475 1908 2530; x_wconf 89' lang='grc' dir='ltr'>λα-</span> 
     </span>
     <span class='ocr_line' id='line_1_29' title="bbox 307 2554 1907 2638; baseline 0.001 -23"><span class='ocrx_word' id='word_1_216' title='bbox 307 2554 520 2630; x_wconf 81' lang='grc' dir='ltr'>βόντας</span> <span class='ocrx_word' id='word_1_217' title='bbox 556 2556 615 2615; x_wconf 84' lang='grc' dir='ltr'>δὲ</span> <span class='ocrx_word' id='word_1_218' title='bbox 645 2555 712 2616; x_wconf 74' lang='grc' dir='ltr'>τὸ</span> <span class='ocrx_word' id='word_1_219' title='bbox 749 2556 970 2617; x_wconf 88' lang='grc' dir='ltr'>παιδίον</span> <span class='ocrx_word' id='word_1_220' title='bbox 994 2556 1062 2617; x_wconf 78' lang='grc' dir='ltr'>τὸ</span> <span class='ocrx_word' id='word_1_221' title='bbox 1088 2558 1401 2635; x_wconf 78' lang='grc' dir='ltr'>τιμώμενον</span> <span class='ocrx_word' id='word_1_222' title='bbox 1430 2558 1570 2636; x_wconf 80' lang='grc' dir='ltr'>πρός</span> <span class='ocrx_word' id='word_1_223' title='bbox 1604 2563 1704 2634; x_wconf 81' lang='grc' dir='ltr'>τῆς</span> <span class='ocrx_word' id='word_1_224' title='bbox 1729 2584 1907 2638; x_wconf 88' lang='grc' dir='ltr'>γεινα-</span> 
     </span>
     <span class='ocr_line' id='line_1_30' title="bbox 307 2642 1914 2725; baseline 0.002 -25"><span class='ocrx_word' id='word_1_225' title='bbox 307 2642 494 2719; x_wconf 84' lang='grc' dir='ltr'>μένης,</span> <span class='ocrx_word' id='word_1_226' title='bbox 524 2642 595 2706; x_wconf 78' lang='grc' dir='ltr'>ὦς</span> <span class='ocrx_word' id='word_1_227' title='bbox 621 2644 712 2703; x_wconf 81' lang='grc' dir='ltr'>ε’ὁν</span> <span class='ocrx_word' id='word_1_228' title='bbox 743 2643 1016 2722; x_wconf 89' lang='grc' dir='ltr'>πρότερον</span> <span class='ocrx_word' id='word_1_229' title='bbox 1053 2646 1279 2722; x_wconf 85' lang='grc' dir='ltr'>τρέφειν</span> <span class='ocrx_word' id='word_1_230' title='bbox 1306 2650 1365 2705; x_wconf 89' lang='grc' dir='ltr'>ἐν</span> <span class='ocrx_word' id='word_1_231' title='bbox 1390 2650 1467 2724; x_wconf 77' lang='grc' dir='ltr'>τῷ</span> <span class='ocrx_word' id='word_1_232' title='bbox 1503 2645 1772 2725; x_wconf 77' lang='grc' dir='ltr'>δημοσίῳ·</span> <span class='ocrx_word' id='word_1_233' title='bbox 1815 2646 1914 2704; x_wconf 86' lang='grc' dir='ltr'>καί</span> 
     </span>
     <span class='ocr_line' id='line_1_31' title="bbox 311 2730 1909 2814; baseline 0.001 -25"><span class='ocrx_word' id='word_1_234' title='bbox 311 2734 366 2789; x_wconf 80' lang='grc' dir='ltr'>οἶ</span> <span class='ocrx_word' id='word_1_235' title='bbox 419 2730 630 2808; x_wconf 78' lang='grc' dir='ltr'>οὕνομα</span> <span class='ocrx_word' id='word_1_236' title='bbox 674 2732 900 2807; x_wconf 86' lang='grc' dir='ltr'>τεθῆναι</span> <span class='ocrx_word' id='word_1_237' title='bbox 953 2732 1326 2810; x_wconf 78' lang='grc' dir='ltr'>Εὐρυσθένεα,</span> <span class='ocrx_word' id='word_1_238' title='bbox 1380 2737 1457 2813; x_wconf 73' lang='grc' dir='ltr'>τῷ</span> <span class='ocrx_word' id='word_1_239' title='bbox 1512 2734 1570 2793; x_wconf 83' lang='grc' dir='ltr'>δὲ</span> <span class='ocrx_word' id='word_1_240' title='bbox 1620 2733 1909 2814; x_wconf 77' lang='grc' dir='ltr'>[νεωτέρῳ]</span> 
     </span>
     <span class='ocr_line' id='line_1_32' title="bbox 309 2819 1911 2898; baseline 0.004 -20"><span class='ocrx_word' id='word_1_241' title='bbox 309 2820 596 2896; x_wconf 86' lang='grc' dir='ltr'>Προκλέα·</span> <span class='ocrx_word' id='word_1_242' title='bbox 637 2819 864 2883; x_wconf 87' lang='grc' dir='ltr'>τούτους</span> <span class='ocrx_word' id='word_1_243' title='bbox 883 2819 1270 2898; x_wconf 73' lang='grc' dir='ltr'>ἀνδρωθέντας,</span> <span class='ocrx_word' id='word_1_244' title='bbox 1296 2820 1494 2885; x_wconf 76' lang='grc' dir='ltr'>αὐτούς</span> <span class='ocrx_word' id='word_1_245' title='bbox 1511 2848 1572 2882; x_wconf 90' lang='grc' dir='ltr'>τε</span> <span class='ocrx_word' id='word_1_246' title='bbox 1600 2821 1911 2897; x_wconf 71' lang='grc' dir='ltr'>ἀδελφεούς</span> 
     </span>
     <span class='ocr_line' id='line_1_33' title="bbox 311 2907 1911 2990; baseline 0.002 -24"><span class='ocrx_word' id='word_1_247' title='bbox 311 2907 502 2971; x_wconf 88' lang='grc' dir='ltr'>ἐόντας</span> <span class='ocrx_word' id='word_1_248' title='bbox 541 2908 778 2990; x_wconf 85' lang='grc' dir='ltr'>λέγουσι</span> <span class='ocrx_word' id='word_1_249' title='bbox 819 2908 1121 2986; x_wconf 88' lang='grc' dir='ltr'>διαφόρους</span> <span class='ocrx_word' id='word_1_250' title='bbox 1166 2909 1305 2969; x_wconf 79' lang='grc' dir='ltr'>εἶναι</span> <span class='ocrx_word' id='word_1_251' title='bbox 1346 2908 1446 2969; x_wconf 79' lang='grc' dir='ltr'>τᾶν</span> <span class='ocrx_word' id='word_1_252' title='bbox 1486 2909 1669 2970; x_wconf 80' lang='grc' dir='ltr'>πάντα</span> <span class='ocrx_word' id='word_1_253' title='bbox 1704 2908 1911 2988; x_wconf 86' lang='grc' dir='ltr'>χρόνον</span> 
     </span>
     <span class='ocr_line' id='line_1_34' title="bbox 307 2994 1911 3077; baseline -0.001 -21"><span class='ocrx_word' id='word_1_254' title='bbox 307 2999 409 3069; x_wconf 83' lang='grc' dir='ltr'>τῆς</span> <span class='ocrx_word' id='word_1_255' title='bbox 435 2996 564 3072; x_wconf 85' lang='grc' dir='ltr'>ζόης</span> <span class='ocrx_word' id='word_1_256' title='bbox 585 2995 914 3072; x_wconf 77' lang='grc' dir='ltr'>ἀλλήλοισι,</span> <span class='ocrx_word' id='word_1_257' title='bbox 933 2997 1026 3055; x_wconf 87' lang='grc' dir='ltr'>καὶ</span> <span class='ocrx_word' id='word_1_258' title='bbox 1050 2994 1182 3060; x_wconf 68' lang='grc' dir='ltr'>τούς</span> <span class='ocrx_word' id='word_1_259' title='bbox 1208 2996 1321 3056; x_wconf 84' lang='grc' dir='ltr'>οἷπό</span> <span class='ocrx_word' id='word_1_260' title='bbox 1349 2995 1555 3057; x_wconf 85' lang='grc' dir='ltr'>τούτων</span> <span class='ocrx_word' id='word_1_261' title='bbox 1580 2997 1911 3077; x_wconf 88' lang='grc' dir='ltr'>γενομένους</span> 
     </span>
     <span class='ocr_line' id='line_1_35' title="bbox 215 3081 1909 3163; baseline 0.001 -24"><span class='ocrx_word' id='word_1_262' title='bbox 215 3082 292 3140; x_wconf 87' lang='grc'>53</span> <span class='ocrx_word' id='word_1_263' title='bbox 315 3081 574 3148; x_wconf 80' lang='grc' dir='ltr'>ὦσαύτως</span> <span class='ocrx_word' id='word_1_264' title='bbox 599 3084 919 3145; x_wconf 88' lang='grc' dir='ltr'>διατελέειν.</span> <span class='ocrx_word' id='word_1_265' title='bbox 1001 3088 1191 3143; x_wconf 83' lang='grc' dir='ltr'>Ταῦτα</span> <span class='ocrx_word' id='word_1_266' title='bbox 1220 3086 1325 3163; x_wconf 86' lang='grc' dir='ltr'>μὲν</span> <span class='ocrx_word' id='word_1_267' title='bbox 1349 3083 1777 3160; x_wconf 85' lang='grc' dir='ltr'>Λακεδαιμόνιοι</span> <span class='ocrx_word' id='word_1_268' title='bbox 1815 3085 1909 3142; x_wconf 82' lang='grc' dir='ltr'>λέ·</span> 
     </span>
     <span class='ocr_line' id='line_1_36' title="bbox 309 3170 1911 3251; baseline 0 -22"><span class='ocrx_word' id='word_1_269' title='bbox 309 3195 479 3247; x_wconf 87' lang='grc' dir='ltr'>γουσι</span> <span class='ocrx_word' id='word_1_270' title='bbox 517 3176 715 3249; x_wconf 82' lang='grc' dir='ltr'>μοῦνοι</span> <span class='ocrx_word' id='word_1_271' title='bbox 740 3171 1047 3248; x_wconf 87' lang='grc' dir='ltr'>Ἑλλήνων·</span> <span class='ocrx_word' id='word_1_272' title='bbox 1088 3172 1220 3231; x_wconf 78' lang='grc' dir='ltr'>τάδε</span> <span class='ocrx_word' id='word_1_273' title='bbox 1261 3172 1321 3232; x_wconf 78' lang='grc' dir='ltr'>δὲ</span> <span class='ocrx_word' id='word_1_274' title='bbox 1362 3171 1501 3231; x_wconf 70' lang='grc' dir='ltr'>κατὰ</span> <span class='ocrx_word' id='word_1_275' title='bbox 1532 3170 1605 3232; x_wconf 70' lang='grc' dir='ltr'>ταῖ</span> <span class='ocrx_word' id='word_1_276' title='bbox 1630 3170 1911 3251; x_wconf 87' lang='grc' dir='ltr'>λεγόμενα</span> 
     </span>
     <span class='ocr_line' id='line_1_37' title="bbox 309 3254 1911 3342; baseline 0.003 -30"><span class='ocrx_word' id='word_1_277' title='bbox 309 3254 420 3316; x_wconf 81' lang='grc' dir='ltr'>ὖπό</span> <span class='ocrx_word' id='word_1_278' title='bbox 460 3258 751 3335; x_wconf 85' lang='grc' dir='ltr'>Ἑλλήνων</span> <span class='ocrx_word' id='word_1_279' title='bbox 793 3258 903 3342; x_wconf 75' lang='grc' dir='ltr'>ἐγῶ</span> <span class='ocrx_word' id='word_1_280' title='bbox 942 3259 1457 3339; x_wconf 77' lang='grc' dir='ltr'>γράφω·...τούτους</span> <span class='ocrx_word' id='word_1_281' title='bbox 1492 3257 1619 3319; x_wconf 77' lang='grc' dir='ltr'>τούς</span> <span class='ocrx_word' id='word_1_282' title='bbox 1653 3255 1911 3333; x_wconf 87' lang='grc' dir='ltr'>Δωριέων</span> 
     </span>
    </p>
   </div>
  </div>
 </body>
</html>
