2259 3500
312 151 416 202 ‚320
751 197 758 204 ,
932 146 1297 200 ἩΡοΔοΤοτ
1796 147 1921 212 [lx.

320 231 384 291 εὖ
415 230 776 307 ἐστρωμένας,
807 229 899 288 καὶ
930 228 1209 306 τραπέζας
1244 253 1309 287 τε
1347 226 1592 306 χρυσέας
1632 228 1725 288 καὶ
1755 227 1925 311 ἀργυ-

319 321 466 399 ρέας,
517 319 608 377 καὶ
659 318 1019 395 παρασκευήν
1058 317 1495 400 μεγαλοπρεπέα
1534 320 1638 377 τοῦ
1681 315 1925 397 δείπνου,

318 402 671 488 ἐκπλαγέντα
725 431 798 466 τα
854 408 1189 483 προκείμενα
1252 404 1453 486 ἀγαθοὶ,
1514 409 1779 465 κελεῦσαι
1832 409 1926 467 ἐπι

317 495 522 605 γέλωτι
557 493 686 558 τοῦς
721 497 922 554 ἑωυτοῦ
959 493 1245 570 διηκόνους
1273 491 1703 570 παρασκευάσαι
1730 500 1925 554 Λακω-

316 581 470 644 νικον
487 583 728 642 δεῖπνον·
755 581 828 646 ὥς
851 581 912 641 δὲ
924 586 1027 658 τῆς
1043 582 1231 657 θοίνης
1254 579 1642 656 ποιηθείσης’
1605 608 1676 657 ην
1701 583 1927 644 πολλᾶν

317 671 384 732 τὸ
410 671 607 748 μέσον,
624 669 726 732 τᾶν
743 669 1076 744 Παυσανίην
1094 669 1419 751 γελάσαντα
1444 670 1926 748 μεταπέμψασθαι

317 762 429 819 τῶν
475 756 767 832 Ἑλλήνων
817 755 948 819 τούς
1001 754 1368 836 στρατηγούς·
1437 755 1819 817 συνελθόντων
1864 758 1927 817 δὲ

318 846 571 916 τουτέων,
594 848 766 905 εἰπεῖν
790 843 891 904 τὸν
915 844 1263 919 Παυσανίην,
1286 842 1569 902 δεικνύντα
1590 849 1645 907 ἐς
1666 844 1927 923 ἑκατέρην

316 938 418 995 τοῦ
471 933 694 994 δείπνου
744 932 854 1008 τὴν
901 929 1279 1010 παρασκευήν·
1341 941 1377 966 “
1395 929 1585 1008 ἄνδρες
1627 931 1925 1008 Ἕλληνες,

316 1022 489 1082 τῶνδε
515 1023 696 1082 εἵνεκα
720 1019 829 1102 ἐγῶ
852 1019 1025 1098 ὖμέας
1049 1018 1388 1100 συνήγαγον,
1417 1019 1767 1096 βουλόμενος
1794 1020 1927 1096 ὑμῖν

318 1109 482 1168 τοῦδε
519 1112 621 1168 τοῦ
661 1108 873 1184 Μήδων
910 1106 1185 1188 ἡγεμόνος
1221 1106 1327 1182 τὴν
1366 1105 1697 1184 ἀφροσύνην
1728 1108 1924 1178 δεῖξαι·

319 1194 382 1258 ὃς
406 1194 624 1270 τοιήνδε
647 1195 862 1254 δίαιταν
889 1196 1044 1273 ἔχων,
1071 1193 1217 1270 ἦλθε
1242 1199 1299 1258 ἐς
1324 1193 1501 1270 ἡμέας
1532 1193 1674 1262 οὕτω
1701 1194 1927 1274 ὀϊζυρὴν

322 1283 549 1361 ἔχοντας
613 1280 1111 1359 ἅπαιρησόμενος·”
1182 1285 1359 1342 ταῦτα
1422 1285 1526 1358 μὲν
1594 1287 1927 1362 Παυσανίην

321 1371 545 1452 λέγεται
573 1373 745 1430 εἰπεῖν
769 1369 910 1447 πρός
939 1368 1070 1432 τούς
1101 1370 1454 1451 στρατηγοῦς
1477 1373 1589 1430 τῶν
1614 1370 1919 1447 Ἑλλήνων.

227 1459 304 1520 83
319 1458 565 1537 ’Υστέρῳ
611 1458 802 1534 μέντοι
842 1456 1026 1538 χρόνῳ
1066 1457 1211 1535 μετά
1262 1462 1438 1518 ταῦτα
1481 1457 1573 1516 καὶ
1613 1463 1723 1519 τῶν
1764 1466 1925 1519 Πλα-

318 1547 514 1607 ταιέων
541 1543 700 1622 εὗρον
731 1546 934 1624 συχνοὶ
971 1543 1146 1622 θήκας
1180 1549 1397 1625 χρυσοῦ
1436 1547 1529 1604 καὶ
1561 1546 1804 1628 ἀργύρου
1832 1551 1927 1608 καὶ

319 1638 430 1695 τῶν
456 1633 647 1692 ἄλλων
680 1632 1000 1714 χρημάτων.
1083 1631 1263 1709 ἐφάνη
1300 1633 1360 1691 δὲ
1400 1634 1491 1692 καὶ
1523 1633 1651 1694 τόδε
1687 1634 1927 1713 ὕστερον

320 1722 401 1782 ἔτι
424 1721 648 1793 τούτων,
673 1726 784 1783 τῶν
814 1724 1020 1800 νεκρῶν
1055 1722 1535 1799 περιψιλωθέντων
1560 1721 1659 1786 τοὶς
1687 1723 1925 1801 σάρκας·

321 1810 664 1889 συνεφόρεον
724 1809 832 1891 γὰρ
887 1809 959 1869 τοὶ
1014 1807 1189 1868 ὀστέα
1250 1812 1304 1868 οἱ
1356 1812 1668 1874 Πλαταιέες
1712 1816 1775 1875 ἐς
1831 1813 1928 1873 ἕνα

320 1902 524 1977 χῶρον·
567 1898 762 1975 εὖρέθη
799 1895 1022 1972 κεφαλὴ
1051 1895 1152 1955 οὐκ
1189 1898 1401 1975 ἔχουσα
1431 1897 1621 1975 ῥαφὴν
1650 1898 1925 1975 οὐδεμίαν,

320 1986 478 2044 οἷλλᾶ.
518 1985 581 2055 ἐξ
621 1982 740 2047 ἑνός
781 1987 956 2042 ἐοῦσα
992 1982 1215 2043 ὀστέου·
1270 1984 1450 2060 ἐφάνη
1492 1986 1551 2043 δὲ
1589 1986 1681 2043 καὶ
1720 1986 1927 2066 γνάθος

322 2072 414 2131 καὶ
439 2072 505 2132 τὰ
541 2071 650 2131 ἅνω
679 2074 782 2145 τῆς
810 2069 1036 2150 γνάθου,
1072 2071 1285 2149 ἔχουσα
1319 2072 1545 2135 ὀδόντας
1575 2074 1929 2149 μουνοφυέας

321 2159 387 2229 ἐξ
435 2158 554 2221 ἑνός
595 2157 798 2217 ὀστέου
839 2156 1065 2230 πάντας,
1109 2158 1241 2221 τούς
1285 2185 1349 2218 τε
1389 2157 1616 2222 ὀδόντας
1660 2160 1750 2219 καὶ
1795 2161 1926 2225 τούς

321 2247 620 2327 γομφίους·
663 2245 756 2303 καὶ
780 2240 1167 2325 πενταπήχεος
1192 2244 1391 2323 α’,νδρός
1417 2246 1591 2306 ὀστέα
1612 2248 1816 2324 ἐφάνη.

227 2336 306 2395 84
402 2331 566 2393 Ἐπεί
604 2358 667 2392 τε
709 2332 768 2392 δὲ
807 2334 1130 2410 Μαρδονίου
1172 2334 1397 2412 δευτέρῃ
1438 2334 1619 2413 ἡμέρῃ
1663 2336 1694 2396 ὀ
1736 2336 1929 2413 νεκρός

321 2420 624 2497 ἠφάνιστο·
665 2419 756 2479 ὑπ’
783 2419 908 2481 ὅτευ
947 2422 1052 2498 μὲν
1092 2420 1412 2499 ἀνθρώπων,
1455 2422 1521 2483 τὰ
1564 2423 1785 2501 ἀτρεκὲς
1827 2424 1929 2484 οὐκ

322 2510 430 2589 ἔχω
469 2512 656 2570 εἰπεῖν·
697 2507 950 2572 πολλοῦς
991 2508 1054 2568 δέ
1084 2535 1239 2573 τινας
1278 2508 1384 2587 ἤδη
1422 2510 1515 2569 καὶ
1538 2510 1930 2577 παντοδαποῦς

319 2595 539 2674 ἤκουσα
585 2595 764 2675 θάψαι
809 2595 1147 2673 Μαρδόνιον,
1194 2598 1288 2656 καὶ
1336 2598 1483 2674 δῶρα
1528 2598 1754 2677 μεγάλα
1803 2598 1930 2658 οἶδα

321 2686 609 2762 λαβόντας
637 2683 892 2747 πολλοῦς
930 2684 1087 2762 παρὰ
1116 2683 1423 2761 Ἀρτόντεω
1463 2688 1565 2745 τοῦ
1604 2686 1931 2762 Μαρδονίου

319 2773 518 2837 παιδὸς
553 2771 644 2832 διοὶ
672 2776 844 2833 ττοῦτο
876 2770 942 2832 τό
987 2773 1166 2852 ἔργον.
1250 2770 1406 2835 ὅστις
1431 2773 1623 2849 μέντοι
1652 2771 1723 2847 ἦν
1750 2772 1933 2833 αὐτῶν

321 2858 355 2919 ὅ
379 2856 723 2935 ὑπελόμενός
741 2885 804 2920 τε
822 2858 915 2918 καὶ
933 2858 1114 2937 θάψας
1135 2859 1235 2919 τὸν
1254 2858 1448 2936 νεκρὸν
1466 2860 1567 2919 τόν
1586 2861 1930 2937 Μαρδονίου,

323 2946 390 3006 οὕ
431 2946 668 3023 δύναμαι
706 2946 973 3024 ἀτρεκέως
1011 2946 1312 3006 πυθέσθαι·
1356 2948 1469 3025 ἔχει
1500 2947 1565 3005 δέ
1592 2972 1716 3007 τινα
1758 2945 1932 3021 φάτιν

322 3034 415 3091 καὶ
441 3033 888 3109 Διονυσοφάνης,
910 3031 1050 3109 ἀνὴρ
1075 3032 1360 3107 Ἐφέσιος,
1390 3034 1567 3111 θάψαι
1586 3034 1928 3111 Μαρδόνιον.

229 3120 306 3176 85
321 3118 454 3177 ἀλλ’
487 3118 520 3177 ὀ
545 3121 649 3193 μὲν
678 3118 868 3198 τρόπῳ
903 3118 1136 3197 τοιούτῳ
1164 3119 1365 3195 ἐτάφη.
1452 3124 1525 3178 Οἱ
1561 3120 1621 3178 δὲ
1646 3119 1933 3195 εΈλληνες

318 3194 395 3265 ’ὥς
421 3209 478 3263 ἐν
513 3208 845 3282 Πλαταιῇσι
875 3204 982 3280 τήν
1011 3205 1179 3281 ληίην
1211 3205 1498 3279 διείλοντο,
1533 3208 1775 3266 ἔθαπτον
1800 3207 1934 3268 τούς

325 3292 537 3350 ἑωυτῶν
581 3292 748 3365 χωρὶς
793 3290 1034 3350 ἕκαστοι.
1119 3291 1547 3366 Λακεδαιμόνιοι
1590 3295 1695 3368 μὲν
1739 3293 1934 3369 τριξὰς
