<?xml version="1.0" encoding="UTF-8"?>
<!DOCTYPE html PUBLIC "-//W3C//DTD XHTML 1.0 Transitional//EN"
    "http://www.w3.org/TR/xhtml1/DTD/xhtml1-transitional.dtd">
<html xmlns="http://www.w3.org/1999/xhtml" xml:lang="en" lang="en">
 <head>
  <title>
</title>
<meta http-equiv="Content-Type" content="text/html;charset=utf-8" />
  <meta name='ocr-system' content='tesseract 3.04.00' />
  <meta name='ocr-capabilities' content='ocr_page ocr_carea ocr_par ocr_line ocrx_word'/>
</head>
<body>
  <div class='ocr_page' id='page_1' title='image "./herodotus18herogoog_0074.png"; bbox 0 0 2259 3500; ppageno 0'>
   <div class='ocr_carea' id='block_1_1' title="bbox 168 137 1941 3371">
    <p class='ocr_par' dir='ltr' id='par_1_1' title="bbox 323 137 1941 384">
     <span class='ocr_line' id='line_1_1' title="bbox 328 137 1938 201; baseline 0.002 -15"><span class='ocrx_word' id='word_1_1' title='bbox 328 140 390 186; x_wconf 85' lang='lat'>66</span> <span class='ocrx_word' id='word_1_2' title='bbox 947 137 1314 187; x_wconf 70' lang='grc' dir='ltr'>ἯΡοΔοτοτ</span> <span class='ocrx_word' id='word_1_3' title='bbox 1812 137 1938 201; x_wconf 87' lang='lat' dir='ltr'><strong>[VI.</strong></span> 
     </span>
     <span class='ocr_line' id='line_1_2' title="bbox 325 215 1941 298; baseline 0.001 -22"><span class='ocrx_word' id='word_1_4' title='bbox 325 217 487 287; x_wconf 76' lang='grc' dir='ltr'>κακοὶ,</span> <span class='ocrx_word' id='word_1_5' title='bbox 514 216 739 298; x_wconf 83' lang='grc' dir='ltr'>χιλίῃσι</span> <span class='ocrx_word' id='word_1_6' title='bbox 765 216 1075 295; x_wconf 80' lang='grc' dir='ltr'>δραχμῇσι·</span> <span class='ocrx_word' id='word_1_7' title='bbox 1103 216 1199 274; x_wconf 86' lang='grc' dir='ltr'>καὶ</span> <span class='ocrx_word' id='word_1_8' title='bbox 1219 215 1490 286; x_wconf 79' lang='grc' dir='ltr'>ἐπέταξαν</span> <span class='ocrx_word' id='word_1_9' title='bbox 1508 217 1708 294; x_wconf 80' lang='grc' dir='ltr'>μηκέτι</span> <span class='ocrx_word' id='word_1_10' title='bbox 1726 217 1941 294; x_wconf 85' lang='grc' dir='ltr'>μηδένα</span> 
     </span>
     <span class='ocr_line' id='line_1_3' title="bbox 323 303 1161 384; baseline -0.001 -21"><span class='ocrx_word' id='word_1_11' title='bbox 323 305 578 384; x_wconf 78' lang='grc' dir='ltr'>χρᾶσθαι</span> <span class='ocrx_word' id='word_1_12' title='bbox 604 303 779 382; x_wconf 78' lang='grc' dir='ltr'>τούτῳ</span> <span class='ocrx_word' id='word_1_13' title='bbox 805 308 883 382; x_wconf 78' lang='grc' dir='ltr'>τῷ</span> <span class='ocrx_word' id='word_1_14' title='bbox 908 303 1161 380; x_wconf 79' lang='grc' dir='ltr'>δράματι.</span> 
     </span>
    </p>

    <p class='ocr_par' dir='ltr' id='par_1_2' title="bbox 229 390 1941 1523">
     <span class='ocr_line' id='line_1_4' title="bbox 229 390 1940 476; baseline 0.001 -24"><span class='ocrx_word' id='word_1_15' title='bbox 229 393 305 452; x_wconf 84' lang='grc'>22</span> <span class='ocrx_word' id='word_1_16' title='bbox 409 392 669 467; x_wconf 90' lang='grc' dir='ltr'>Μίλητος</span> <span class='ocrx_word' id='word_1_17' title='bbox 695 392 800 467; x_wconf 87' lang='grc' dir='ltr'>μέν</span> <span class='ocrx_word' id='word_1_18' title='bbox 827 417 923 451; x_wconf 90' lang='grc' dir='ltr'>νυν</span> <span class='ocrx_word' id='word_1_19' title='bbox 950 392 1258 476; x_wconf 70' lang='grc' dir='ltr'>Μιλησίων</span> <span class='ocrx_word' id='word_1_20' title='bbox 1284 390 1554 469; x_wconf 77' lang='grc' dir='ltr'>ἐρήμωτο.</span> <span class='ocrx_word' id='word_1_21' title='bbox 1628 391 1853 469; x_wconf 79' lang='grc' dir='ltr'>Σαμίων</span> <span class='ocrx_word' id='word_1_22' title='bbox 1879 394 1940 454; x_wconf 81' lang='grc' dir='ltr'>δὲ</span> 
     </span>
     <span class='ocr_line' id='line_1_5' title="bbox 323 478 1941 558; baseline 0.001 -19"><span class='ocrx_word' id='word_1_23' title='bbox 323 479 483 539; x_wconf 84' lang='grc' dir='ltr'>τοῖσί</span> <span class='ocrx_word' id='word_1_24' title='bbox 530 505 588 540; x_wconf 87' lang='grc' dir='ltr'>τι</span> <span class='ocrx_word' id='word_1_25' title='bbox 647 479 840 558; x_wconf 83' lang='grc' dir='ltr'>ἔχουσι</span> <span class='ocrx_word' id='word_1_26' title='bbox 885 479 952 540; x_wconf 81' lang='grc' dir='ltr'><em>τό</em></span> <span class='ocrx_word' id='word_1_27' title='bbox 999 480 1103 556; x_wconf 78' lang='grc' dir='ltr'>μὲν</span> <span class='ocrx_word' id='word_1_28' title='bbox 1151 483 1207 542; x_wconf 84' lang='grc' dir='ltr'>ἐς</span> <span class='ocrx_word' id='word_1_29' title='bbox 1249 479 1379 541; x_wconf 80' lang='grc' dir='ltr'>τούς</span> <span class='ocrx_word' id='word_1_30' title='bbox 1436 478 1668 554; x_wconf 85' lang='grc' dir='ltr'>Μήδους</span> <span class='ocrx_word' id='word_1_31' title='bbox 1696 483 1777 539; x_wconf 78' lang='grc' dir='ltr'>ἐκ</span> <span class='ocrx_word' id='word_1_32' title='bbox 1828 484 1941 542; x_wconf 87' lang='grc' dir='ltr'>τῶν</span> 
     </span>
     <span class='ocr_line' id='line_1_6' title="bbox 322 566 1934 648; baseline 0.001 -21"><span class='ocrx_word' id='word_1_33' title='bbox 322 570 654 648; x_wconf 73' lang='grc' dir='ltr'>στρατηγῶν</span> <span class='ocrx_word' id='word_1_34' title='bbox 692 571 802 627; x_wconf 87' lang='grc' dir='ltr'>τῶν</span> <span class='ocrx_word' id='word_1_35' title='bbox 837 568 1128 646; x_wconf 84' lang='grc' dir='ltr'>σφετέρων</span> <span class='ocrx_word' id='word_1_36' title='bbox 1164 566 1397 642; x_wconf 83' lang='grc' dir='ltr'>ποιηθὲν</span> <span class='ocrx_word' id='word_1_37' title='bbox 1430 566 1681 644; x_wconf 76' lang='grc' dir='ltr'>οὐδαμῶς</span> <span class='ocrx_word' id='word_1_38' title='bbox 1705 566 1934 644; x_wconf 85' lang='grc' dir='ltr'>ἤρεσκε.</span> 
     </span>
     <span class='ocr_line' id='line_1_7' title="bbox 321 653 1933 734; baseline 0.001 -20"><span class='ocrx_word' id='word_1_39' title='bbox 321 654 504 715; x_wconf 83' lang='grc' dir='ltr'>ἐδόκεε</span> <span class='ocrx_word' id='word_1_40' title='bbox 525 654 584 714; x_wconf 78' lang='grc' dir='ltr'>δὲ</span> <span class='ocrx_word' id='word_1_41' title='bbox 601 654 746 732; x_wconf 69' lang='grc' dir='ltr'>μετὰ</span> <span class='ocrx_word' id='word_1_42' title='bbox 764 653 869 732; x_wconf 81' lang='grc' dir='ltr'>τὴν</span> <span class='ocrx_word' id='word_1_43' title='bbox 889 655 1205 734; x_wconf 80' lang='grc' dir='ltr'>ναυμαχίην</span> <span class='ocrx_word' id='word_1_44' title='bbox 1226 653 1425 714; x_wconf 76' lang='grc' dir='ltr'>αὐτίκα</span> <span class='ocrx_word' id='word_1_45' title='bbox 1444 655 1933 732; x_wconf 86' lang='grc' dir='ltr'>βουλευομένοισι,</span> 
     </span>
     <span class='ocr_line' id='line_1_8' title="bbox 323 741 1935 823; baseline 0.002 -22"><span class='ocrx_word' id='word_1_46' title='bbox 323 743 454 820; x_wconf 83' lang='grc' dir='ltr'>πρὶν</span> <span class='ocrx_word' id='word_1_47' title='bbox 491 741 533 819; x_wconf 87' lang='grc' dir='ltr'><em>ἥ</em></span> <span class='ocrx_word' id='word_1_48' title='bbox 572 750 684 818; x_wconf 87' lang='grc' dir='ltr'>σφι</span> <span class='ocrx_word' id='word_1_49' title='bbox 727 747 782 807; x_wconf 86' lang='grc' dir='ltr'>ἐς</span> <span class='ocrx_word' id='word_1_50' title='bbox 820 742 925 820; x_wconf 86' lang='grc' dir='ltr'>τὴν</span> <span class='ocrx_word' id='word_1_51' title='bbox 965 743 1153 823; x_wconf 78' lang='grc' dir='ltr'>χώρην</span> <span class='ocrx_word' id='word_1_52' title='bbox 1186 741 1492 802; x_wconf 75' lang='grc' dir='ltr'>ἀπικέσθαι</span> <span class='ocrx_word' id='word_1_53' title='bbox 1530 741 1631 803; x_wconf 74' lang='grc' dir='ltr'>τὸν</span> <span class='ocrx_word' id='word_1_54' title='bbox 1666 742 1935 819; x_wconf 83' lang='grc' dir='ltr'>τύραννον</span> 
     </span>
     <span class='ocr_line' id='line_1_9' title="bbox 321 829 1938 907; baseline 0.001 -17"><span class='ocrx_word' id='word_1_55' title='bbox 321 829 532 891; x_wconf 76' lang='grc' dir='ltr'>Αἰάκεα</span> <span class='ocrx_word' id='word_1_56' title='bbox 558 835 614 894; x_wconf 89' lang='grc' dir='ltr'>ἐς</span> <span class='ocrx_word' id='word_1_57' title='bbox 639 830 900 907; x_wconf 86' lang='grc' dir='ltr'>οἷποικίην</span> <span class='ocrx_word' id='word_1_58' title='bbox 921 830 1192 901; x_wconf 80' lang='grc' dir='ltr'>ἐκπλέειν,</span> <span class='ocrx_word' id='word_1_59' title='bbox 1220 829 1362 907; x_wconf 80' lang='grc' dir='ltr'>μηδὲ</span> <span class='ocrx_word' id='word_1_60' title='bbox 1387 831 1655 907; x_wconf 82' lang='grc' dir='ltr'>μένοντας</span> <span class='ocrx_word' id='word_1_61' title='bbox 1681 830 1938 907; x_wconf 80' lang='grc' dir='ltr'>Μήδοισί</span> 
     </span>
     <span class='ocr_line' id='line_1_10' title="bbox 318 917 1932 1029; baseline 0.001 -51"><span class='ocrx_word' id='word_1_62' title='bbox 318 944 381 978; x_wconf 85' lang='grc' dir='ltr'>τε</span> <span class='ocrx_word' id='word_1_63' title='bbox 436 920 528 978; x_wconf 86' lang='grc' dir='ltr'>καὶ</span> <span class='ocrx_word' id='word_1_64' title='bbox 572 917 767 978; x_wconf 75' lang='grc' dir='ltr'>Αἰάκεϊ</span> <span class='ocrx_word' id='word_1_65' title='bbox 809 917 1113 979; x_wconf 78' lang='grc' dir='ltr'>δουλεύειν.</span> <span class='ocrx_word' id='word_1_66' title='bbox 1200 921 1509 1029; x_wconf 82' lang='grc' dir='ltr'>Ζαγκλαῖοι</span> <span class='ocrx_word' id='word_1_67' title='bbox 1554 917 1667 999; x_wconf 67' lang='grc' dir='ltr'>γαῖρ</span> <span class='ocrx_word' id='word_1_68' title='bbox 1717 921 1771 978; x_wconf 77' lang='grc' dir='ltr'>οἳ.</span> <span class='ocrx_word' id='word_1_69' title='bbox 1819 918 1932 980; x_wconf 82' lang='grc' dir='ltr'>ἆπὸ</span> 
     </span>
     <span class='ocr_line' id='line_1_11' title="bbox 321 1005 1933 1086; baseline 0 -17"><span class='ocrx_word' id='word_1_70' title='bbox 321 1007 579 1082; x_wconf 78' lang='grc' dir='ltr'>Σικελίης</span> <span class='ocrx_word' id='word_1_71' title='bbox 605 1005 704 1066; x_wconf 83' lang='grc' dir='ltr'>τόν</span> <span class='ocrx_word' id='word_1_72' title='bbox 733 1006 902 1066; x_wconf 79' lang='grc' dir='ltr'>αὗτόν</span> <span class='ocrx_word' id='word_1_73' title='bbox 927 1005 1135 1086; x_wconf 87' lang='grc' dir='ltr'>χρόνον</span> <span class='ocrx_word' id='word_1_74' title='bbox 1166 1009 1371 1066; x_wconf 82' lang='grc' dir='ltr'>τοῦτον</span> <span class='ocrx_word' id='word_1_75' title='bbox 1408 1006 1721 1082; x_wconf 82' lang='grc' dir='ltr'>πέμποντες</span> <span class='ocrx_word' id='word_1_76' title='bbox 1748 1012 1803 1070; x_wconf 81' lang='grc' dir='ltr'>ἐς</span> <span class='ocrx_word' id='word_1_77' title='bbox 1828 1007 1933 1084; x_wconf 82' lang='grc' dir='ltr'>τὴν</span> 
     </span>
     <span class='ocr_line' id='line_1_12' title="bbox 317 1091 1932 1174; baseline 0.004 -23.071"><span class='ocrx_word' id='word_1_78' title='bbox 317 1091 530 1169; x_wconf 85' lang='grc' dir='ltr'>Ἰωνίην</span> <span class='ocrx_word' id='word_1_79' title='bbox 558 1093 834 1174; x_wconf 74' lang='grc' dir='ltr'>ἀγγέλους</span> <span class='ocrx_word' id='word_1_80' title='bbox 869 1093 1240 1153; x_wconf 73' lang='grc' dir='ltr'>ἐπεκαλέοντο</span> <span class='ocrx_word' id='word_1_81' title='bbox 1274 1118 1406 1155; x_wconf 89' lang='grc' dir='ltr'>τους</span> <span class='ocrx_word' id='word_1_82' title='bbox 1422 1092 1671 1156; x_wconf 85' lang='grc' dir='ltr'>Ἴωνας’</span> <span class='ocrx_word' id='word_1_83' title='bbox 1645 1120 1700 1157; x_wconf 87' lang='grc' dir='ltr'>ες</span> <span class='ocrx_word' id='word_1_84' title='bbox 1726 1095 1932 1172; x_wconf 90' lang='grc' dir='ltr'>Καλὴν</span> 
     </span>
     <span class='ocr_line' id='line_1_13' title="bbox 315 1178 1929 1260; baseline 0.003 -21.053"><span class='ocrx_word' id='word_1_85' title='bbox 315 1178 537 1256; x_wconf 86' lang='grc' dir='ltr'>Ακτὴν,</span> <span class='ocrx_word' id='word_1_86' title='bbox 567 1179 913 1258; x_wconf 89' lang='grc' dir='ltr'>βουλόμενοι</span> <span class='ocrx_word' id='word_1_87' title='bbox 950 1179 1147 1240; x_wconf 76' lang='grc' dir='ltr'>αὐτόθι</span> <span class='ocrx_word' id='word_1_88' title='bbox 1173 1180 1345 1241; x_wconf 90' lang='grc' dir='ltr'>πόλιν</span> <span class='ocrx_word' id='word_1_89' title='bbox 1378 1182 1567 1241; x_wconf 82' lang='grc' dir='ltr'>κτίσαι</span> <span class='ocrx_word' id='word_1_90' title='bbox 1592 1180 1809 1244; x_wconf 77' lang='grc' dir='ltr'>Ἰώνων.</span> <span class='ocrx_word' id='word_1_91' title='bbox 1892 1209 1929 1260; x_wconf 92' lang='grc' dir='ltr'>η</span> 
     </span>
     <span class='ocr_line' id='line_1_14' title="bbox 319 1267 1927 1345; baseline 0.002 -19"><span class='ocrx_word' id='word_1_92' title='bbox 319 1267 380 1326; x_wconf 82' lang='grc' dir='ltr'>δὲ</span> <span class='ocrx_word' id='word_1_93' title='bbox 422 1268 595 1344; x_wconf 88' lang='grc' dir='ltr'>Καλὴ</span> <span class='ocrx_word' id='word_1_94' title='bbox 638 1267 778 1344; x_wconf 75' lang='grc' dir='ltr'>αὕτη</span> <span class='ocrx_word' id='word_1_95' title='bbox 809 1267 982 1343; x_wconf 72' lang='lat' dir='ltr'><strong><em>’Am-r)</em></strong></span> <span class='ocrx_word' id='word_1_96' title='bbox 1018 1269 1331 1344; x_wconf 86' lang='grc' dir='ltr'>καλεομένη</span> <span class='ocrx_word' id='word_1_97' title='bbox 1366 1269 1490 1328; x_wconf 83' lang='grc' dir='ltr'>ἔστι</span> <span class='ocrx_word' id='word_1_98' title='bbox 1522 1270 1627 1345; x_wconf 81' lang='grc' dir='ltr'>μὲν</span> <span class='ocrx_word' id='word_1_99' title='bbox 1662 1269 1927 1343; x_wconf 82' lang='grc' dir='ltr'>Σικελῶν,</span> 
     </span>
     <span class='ocr_line' id='line_1_15' title="bbox 317 1355 1929 1434; baseline 0.004 -20"><span class='ocrx_word' id='word_1_100' title='bbox 317 1355 454 1432; x_wconf 79' lang='grc' dir='ltr'>πρὸς</span> <span class='ocrx_word' id='word_1_101' title='bbox 482 1356 540 1414; x_wconf 85' lang='grc' dir='ltr'>δὲ</span> <span class='ocrx_word' id='word_1_102' title='bbox 565 1357 880 1432; x_wconf 82' lang='grc' dir='ltr'>Τυρσηνίην</span> <span class='ocrx_word' id='word_1_103' title='bbox 896 1357 1248 1434; x_wconf 87' lang='grc' dir='ltr'>τετραμμένη</span> <span class='ocrx_word' id='word_1_104' title='bbox 1268 1361 1370 1432; x_wconf 81' lang='grc' dir='ltr'>τῆς</span> <span class='ocrx_word' id='word_1_105' title='bbox 1392 1358 1667 1433; x_wconf 79' lang='grc' dir='ltr'>Σικελίης.</span> <span class='ocrx_word' id='word_1_106' title='bbox 1721 1359 1929 1421; x_wconf 83' lang='grc' dir='ltr'>τούτων</span> 
     </span>
     <span class='ocr_line' id='line_1_16' title="bbox 315 1442 1926 1523; baseline 0.002 -21"><span class='ocrx_word' id='word_1_107' title='bbox 315 1442 389 1502; x_wconf 77' lang='grc' dir='ltr'>ὧν</span> <span class='ocrx_word' id='word_1_108' title='bbox 417 1445 874 1521; x_wconf 82' lang='grc' dir='ltr'>ἐπικαλεομένων,</span> <span class='ocrx_word' id='word_1_109' title='bbox 904 1448 957 1505; x_wconf 80' lang='grc' dir='ltr'>οἱ</span> <span class='ocrx_word' id='word_1_110' title='bbox 992 1444 1199 1521; x_wconf 83' lang='grc' dir='ltr'>Σάμιοι</span> <span class='ocrx_word' id='word_1_111' title='bbox 1228 1448 1427 1522; x_wconf 82' lang='grc' dir='ltr'>μοῦνοι</span> <span class='ocrx_word' id='word_1_112' title='bbox 1455 1444 1653 1505; x_wconf 81' lang='grc' dir='ltr'>Ἰώνων</span> <span class='ocrx_word' id='word_1_113' title='bbox 1686 1445 1926 1523; x_wconf 81' lang='grc' dir='ltr'>ἐστάλη-</span> 
     </span>
    </p>

    <p class='ocr_par' dir='ltr' id='par_1_3' title="bbox 168 1531 1934 3286">
     <span class='ocr_line' id='line_1_17' title="bbox 168 1531 1927 1615; baseline 0.002 -25"><span class='ocrx_word' id='word_1_114' title='bbox 168 1534 296 1591; x_wconf 51' lang='lat' dir='ltr'>X23</span> <span class='ocrx_word' id='word_1_115' title='bbox 316 1558 428 1592; x_wconf 89' lang='grc' dir='ltr'>σαν</span> <span class='ocrx_word' id='word_1_116' title='bbox 455 1533 562 1592; x_wconf 79' lang='grc' dir='ltr'>σῦν</span> <span class='ocrx_word' id='word_1_117' title='bbox 594 1531 660 1590; x_wconf 82' lang='grc' dir='ltr'>δέ</span> <span class='ocrx_word' id='word_1_118' title='bbox 695 1540 807 1609; x_wconf 87' lang='grc' dir='ltr'>σφι</span> <span class='ocrx_word' id='word_1_119' title='bbox 839 1533 1142 1610; x_wconf 87' lang='grc' dir='ltr'>Μιλησίων</span> <span class='ocrx_word' id='word_1_120' title='bbox 1170 1535 1224 1592; x_wconf 80' lang='grc' dir='ltr'>οἱ</span> <span class='ocrx_word' id='word_1_121' title='bbox 1252 1532 1675 1614; x_wconf 79' lang='grc' dir='ltr'>ἐκπεφευγότες.</span> <span class='ocrx_word' id='word_1_122' title='bbox 1757 1533 1857 1594; x_wconf 79' lang='grc' dir='ltr'>Ἐν</span> <span class='ocrx_word' id='word_1_123' title='bbox 1884 1534 1927 1615; x_wconf 75' lang='grc' dir='ltr'>ᾧ</span> 
     </span>
     <span class='ocr_line' id='line_1_18' title="bbox 311 1619 1934 1704; baseline 0.002 -25"><span class='ocrx_word' id='word_1_124' title='bbox 311 1619 522 1680; x_wconf 83' lang='grc' dir='ltr'>τοιόνδε</span> <span class='ocrx_word' id='word_1_125' title='bbox 556 1621 626 1697; x_wconf 83' lang='grc' dir='ltr'>δή</span> <span class='ocrx_word' id='word_1_126' title='bbox 649 1647 705 1681; x_wconf 91' lang='grc' dir='ltr'>τι</span> <span class='ocrx_word' id='word_1_127' title='bbox 732 1621 1018 1698; x_wconf 87' lang='grc' dir='ltr'>συνήνεικε</span> <span class='ocrx_word' id='word_1_128' title='bbox 1054 1620 1341 1704; x_wconf 87' lang='grc' dir='ltr'>γενέσθαι·</span> <span class='ocrx_word' id='word_1_129' title='bbox 1386 1619 1590 1697; x_wconf 78' lang='grc' dir='ltr'>Σάμιοι</span> <span class='ocrx_word' id='word_1_130' title='bbox 1621 1621 1732 1703; x_wconf 73' lang='grc' dir='ltr'>γὰρ</span> <span class='ocrx_word' id='word_1_131' title='bbox 1770 1627 1934 1700; x_wconf 77' lang='grc' dir='ltr'>κομι-’</span> 
     </span>
     <span class='ocr_line' id='line_1_19' title="bbox 315 1707 1923 1792; baseline 0.002 -23"><span class='ocrx_word' id='word_1_132' title='bbox 315 1707 535 1787; x_wconf 82' lang='grc' dir='ltr'>ζόμενοι</span> <span class='ocrx_word' id='word_1_133' title='bbox 590 1714 644 1773; x_wconf 88' lang='grc' dir='ltr'>ἐς</span> <span class='ocrx_word' id='word_1_134' title='bbox 699 1710 960 1787; x_wconf 79' lang='grc' dir='ltr'>Σικελίην</span> <span class='ocrx_word' id='word_1_135' title='bbox 1013 1709 1261 1792; x_wconf 87' lang='grc' dir='ltr'>ἐγίνοντο</span> <span class='ocrx_word' id='word_1_136' title='bbox 1328 1713 1386 1769; x_wconf 87' lang='grc' dir='ltr'>ἐν</span> <span class='ocrx_word' id='word_1_137' title='bbox 1438 1713 1715 1786; x_wconf 82' lang='grc' dir='ltr'>Λοκροῖσι</span> <span class='ocrx_word' id='word_1_138' title='bbox 1768 1715 1923 1772; x_wconf 82' lang='grc' dir='ltr'>τοῖσι</span> 
     </span>
     <span class='ocr_line' id='line_1_20' title="bbox 309 1796 1919 1878; baseline 0.001 -21"><span class='ocrx_word' id='word_1_139' title='bbox 309 1796 775 1876; x_wconf 83' lang='grc' dir='ltr'>Ἐπιζεφυρίοισι,</span> <span class='ocrx_word' id='word_1_140' title='bbox 806 1799 896 1857; x_wconf 86' lang='grc' dir='ltr'>καὶ</span> <span class='ocrx_word' id='word_1_141' title='bbox 930 1802 1242 1878; x_wconf 84' lang='grc' dir='ltr'>Ζαγκλαῖοι</span> <span class='ocrx_word' id='word_1_142' title='bbox 1270 1797 1435 1857; x_wconf 72' lang='grc' dir='ltr'>αὐτοί</span> <span class='ocrx_word' id='word_1_143' title='bbox 1465 1822 1527 1856; x_wconf 90' lang='grc' dir='ltr'>τε</span> <span class='ocrx_word' id='word_1_144' title='bbox 1570 1798 1661 1856; x_wconf 82' lang='grc' dir='ltr'>καὶ</span> <span class='ocrx_word' id='word_1_145' title='bbox 1688 1797 1721 1857; x_wconf 82' lang='grc' dir='ltr'>ὁ</span> <span class='ocrx_word' id='word_1_146' title='bbox 1745 1800 1919 1875; x_wconf 88' lang='grc' dir='ltr'>βασι-</span> 
     </span>
     <span class='ocr_line' id='line_1_21' title="bbox 309 1884 1919 1964; baseline 0.002 -21"><span class='ocrx_word' id='word_1_147' title='bbox 309 1887 439 1949; x_wconf 73' lang='grc' dir='ltr'>λεὺς</span> <span class='ocrx_word' id='word_1_148' title='bbox 486 1887 682 1955; x_wconf 73' lang='grc' dir='ltr'>αὐτῶν,</span> <span class='ocrx_word' id='word_1_149' title='bbox 733 1890 810 1964; x_wconf 76' lang='grc' dir='ltr'>τῷ</span> <span class='ocrx_word' id='word_1_150' title='bbox 852 1884 1063 1962; x_wconf 78' lang='grc' dir='ltr'>οὕνομα</span> <span class='ocrx_word' id='word_1_151' title='bbox 1111 1884 1182 1961; x_wconf 79' lang='grc' dir='ltr'>ἦν</span> <span class='ocrx_word' id='word_1_152' title='bbox 1238 1884 1472 1961; x_wconf 75' lang='grc' dir='ltr'>Σκύθης,</span> <span class='ocrx_word' id='word_1_153' title='bbox 1524 1885 1919 1961; x_wconf 86' lang='grc' dir='ltr'>περιεκατέατο</span> 
     </span>
     <span class='ocr_line' id='line_1_22' title="bbox 309 1971 1919 2050; baseline 0.002 -20"><span class='ocrx_word' id='word_1_154' title='bbox 309 1972 480 2031; x_wconf 89' lang='grc' dir='ltr'>πόλιν</span> <span class='ocrx_word' id='word_1_155' title='bbox 518 1976 632 2031; x_wconf 86' lang='grc' dir='ltr'>τῶν</span> <span class='ocrx_word' id='word_1_156' title='bbox 673 1974 920 2036; x_wconf 79' lang='grc' dir='ltr'>Σικελῶν</span> <span class='ocrx_word' id='word_1_157' title='bbox 961 1972 1171 2042; x_wconf 78' lang='grc' dir='ltr'>ἐξελεῖν</span> <span class='ocrx_word' id='word_1_158' title='bbox 1206 1971 1571 2050; x_wconf 86' lang='grc' dir='ltr'>βουλόμενοι·</span> <span class='ocrx_word' id='word_1_159' title='bbox 1624 1973 1817 2049; x_wconf 79' lang='grc' dir='ltr'>μαθῶν</span> <span class='ocrx_word' id='word_1_160' title='bbox 1858 1974 1919 2034; x_wconf 83' lang='grc' dir='ltr'>δὲ</span> 
     </span>
     <span class='ocr_line' id='line_1_23' title="bbox 309 2056 1916 2139; baseline 0.002 -22"><span class='ocrx_word' id='word_1_161' title='bbox 309 2064 484 2118; x_wconf 78' lang='grc' dir='ltr'>ταῦτα</span> <span class='ocrx_word' id='word_1_162' title='bbox 511 2056 541 2118; x_wconf 81' lang='grc' dir='ltr'>ὅ</span> <span class='ocrx_word' id='word_1_163' title='bbox 569 2059 796 2139; x_wconf 87' lang='grc' dir='ltr'>Ῥηγίου</span> <span class='ocrx_word' id='word_1_164' title='bbox 829 2059 1092 2136; x_wconf 82' lang='grc' dir='ltr'>τύραννος</span> <span class='ocrx_word' id='word_1_165' title='bbox 1124 2060 1475 2130; x_wconf 79' lang='grc' dir='ltr'>Ἀναξίλεως,</span> <span class='ocrx_word' id='word_1_166' title='bbox 1501 2060 1632 2121; x_wconf 86' lang='grc' dir='ltr'>τότε</span> <span class='ocrx_word' id='word_1_167' title='bbox 1664 2059 1767 2121; x_wconf 72' lang='grc' dir='ltr'>ἐῶν</span> <span class='ocrx_word' id='word_1_168' title='bbox 1803 2062 1916 2121; x_wconf 79' lang='grc' dir='ltr'>διεί-</span> 
     </span>
     <span class='ocr_line' id='line_1_24' title="bbox 317 2148 1916 2228; baseline 0.003 -23"><span class='ocrx_word' id='word_1_169' title='bbox 317 2152 494 2223; x_wconf 88' lang='grc' dir='ltr'>φορος</span> <span class='ocrx_word' id='word_1_170' title='bbox 519 2151 673 2207; x_wconf 86' lang='grc' dir='ltr'>τοῖσι</span> <span class='ocrx_word' id='word_1_171' title='bbox 703 2148 1090 2228; x_wconf 85' lang='grc' dir='ltr'>Ζαγκλαίοισι,</span> <span class='ocrx_word' id='word_1_172' title='bbox 1129 2148 1415 2224; x_wconf 79' lang='grc' dir='ltr'>συμμίξας</span> <span class='ocrx_word' id='word_1_173' title='bbox 1452 2152 1607 2208; x_wconf 81' lang='grc' dir='ltr'>τοῖσι</span> <span class='ocrx_word' id='word_1_174' title='bbox 1648 2150 1916 2224; x_wconf 88' lang='grc' dir='ltr'>Σαμίοισι</span> 
     </span>
     <span class='ocr_line' id='line_1_25' title="bbox 309 2232 1915 2317; baseline 0.004 -26"><span class='ocrx_word' id='word_1_175' title='bbox 309 2232 594 2293; x_wconf 81' lang='grc' dir='ltr'>α’ναπείθει</span> <span class='ocrx_word' id='word_1_176' title='bbox 635 2233 707 2297; x_wconf 78' lang='grc' dir='ltr'>ὥς</span> <span class='ocrx_word' id='word_1_177' title='bbox 744 2234 915 2313; x_wconf 76' lang='grc' dir='ltr'>χρεόν</span> <span class='ocrx_word' id='word_1_178' title='bbox 956 2235 1042 2311; x_wconf 81' lang='grc' dir='ltr'>εἴη</span> <span class='ocrx_word' id='word_1_179' title='bbox 1083 2235 1290 2311; x_wconf 90' lang='grc' dir='ltr'>Καλὴν</span> <span class='ocrx_word' id='word_1_180' title='bbox 1329 2237 1434 2311; x_wconf 79' lang='grc' dir='ltr'>μὲν</span> <span class='ocrx_word' id='word_1_181' title='bbox 1472 2233 1681 2317; x_wconf 72' lang='grc' dir='ltr'>Ἀκτὴν</span> <span class='ocrx_word' id='word_1_182' title='bbox 1721 2236 1806 2295; x_wconf 82' lang='grc' dir='ltr'>ἐπ’</span> <span class='ocrx_word' id='word_1_183' title='bbox 1845 2236 1915 2313; x_wconf 78' lang='grc' dir='ltr'>ἣν</span> 
     </span>
     <span class='ocr_line' id='line_1_26' title="bbox 307 2322 1913 2404; baseline 0.003 -25"><span class='ocrx_word' id='word_1_184' title='bbox 307 2322 510 2381; x_wconf 82' lang='grc' dir='ltr'>ἔπλεον</span> <span class='ocrx_word' id='word_1_185' title='bbox 550 2326 646 2381; x_wconf 82' lang='grc' dir='ltr'>ε’ἃν</span> <span class='ocrx_word' id='word_1_186' title='bbox 685 2324 916 2401; x_wconf 85' lang='grc' dir='ltr'>χαίρειν,</span> <span class='ocrx_word' id='word_1_187' title='bbox 950 2323 1055 2398; x_wconf 86' lang='grc' dir='ltr'>τὴν</span> <span class='ocrx_word' id='word_1_188' title='bbox 1094 2323 1154 2381; x_wconf 78' lang='grc' dir='ltr'>δὲ</span> <span class='ocrx_word' id='word_1_189' title='bbox 1196 2322 1461 2404; x_wconf 79' lang='grc' dir='ltr'>Ζάγκλην</span> <span class='ocrx_word' id='word_1_190' title='bbox 1501 2328 1665 2403; x_wconf 83' lang='grc' dir='ltr'>σχεῖν</span> <span class='ocrx_word' id='word_1_191' title='bbox 1708 2326 1913 2385; x_wconf 79' lang='grc' dir='ltr'>ἐοῦσαν</span> 
     </span>
     <span class='ocr_line' id='line_1_27' title="bbox 307 2409 1911 2489; baseline 0.003 -22"><span class='ocrx_word' id='word_1_192' title='bbox 307 2414 514 2486; x_wconf 79' lang='grc' dir='ltr'>ἐρῆμον</span> <span class='ocrx_word' id='word_1_193' title='bbox 568 2409 798 2487; x_wconf 76' lang='grc' dir='ltr'>ἀνδρῶν·</span> <span class='ocrx_word' id='word_1_194' title='bbox 867 2410 1209 2489; x_wconf 86' lang='grc' dir='ltr'>πειθομένων</span> <span class='ocrx_word' id='word_1_195' title='bbox 1262 2412 1321 2469; x_wconf 85' lang='grc' dir='ltr'>δὲ</span> <span class='ocrx_word' id='word_1_196' title='bbox 1374 2414 1485 2471; x_wconf 87' lang='grc' dir='ltr'>τῶν</span> <span class='ocrx_word' id='word_1_197' title='bbox 1540 2412 1765 2488; x_wconf 89' lang='grc' dir='ltr'>Σαμίων</span> <span class='ocrx_word' id='word_1_198' title='bbox 1819 2414 1911 2472; x_wconf 81' lang='grc' dir='ltr'>καὶ</span> 
     </span>
     <span class='ocr_line' id='line_1_28' title="bbox 305 2496 1912 2580; baseline 0.001 -24"><span class='ocrx_word' id='word_1_199' title='bbox 305 2496 558 2575; x_wconf 86' lang='grc' dir='ltr'>σχόντων</span> <span class='ocrx_word' id='word_1_200' title='bbox 607 2498 716 2574; x_wconf 87' lang='grc' dir='ltr'>τὴν</span> <span class='ocrx_word' id='word_1_201' title='bbox 762 2498 1040 2580; x_wconf 82' lang='grc' dir='ltr'>Ζάγκλην,</span> <span class='ocrx_word' id='word_1_202' title='bbox 1096 2500 1334 2559; x_wconf 85' lang='grc' dir='ltr'>ἐνθαῦτα</span> <span class='ocrx_word' id='word_1_203' title='bbox 1378 2501 1431 2557; x_wconf 78' lang='grc' dir='ltr'>οἱ</span> <span class='ocrx_word' id='word_1_204' title='bbox 1485 2501 1795 2579; x_wconf 83' lang='grc' dir='ltr'>Ζαγκλαῖοι</span> <span class='ocrx_word' id='word_1_205' title='bbox 1841 2498 1912 2563; x_wconf 76' lang='grc' dir='ltr'>ὦς</span> 
     </span>
     <span class='ocr_line' id='line_1_29' title="bbox 306 2584 1909 2667; baseline 0.001 -24"><span class='ocrx_word' id='word_1_206' title='bbox 306 2584 574 2645; x_wconf 79' lang='grc' dir='ltr'>ἐπύθοντο</span> <span class='ocrx_word' id='word_1_207' title='bbox 603 2586 872 2665; x_wconf 80' lang='grc' dir='ltr'>ἐχομένην</span> <span class='ocrx_word' id='word_1_208' title='bbox 897 2587 1001 2662; x_wconf 83' lang='grc' dir='ltr'>τὴν</span> <span class='ocrx_word' id='word_1_209' title='bbox 1021 2585 1192 2647; x_wconf 87' lang='grc' dir='ltr'>πόλιν</span> <span class='ocrx_word' id='word_1_210' title='bbox 1214 2588 1440 2655; x_wconf 78' lang='grc' dir='ltr'>ἑωυτῶν,</span> <span class='ocrx_word' id='word_1_211' title='bbox 1467 2586 1742 2662; x_wconf 82' lang='grc' dir='ltr'>ἐβοήθεον</span> <span class='ocrx_word' id='word_1_212' title='bbox 1768 2587 1909 2667; x_wconf 71' lang='grc' dir='ltr'>αὐτῇ</span> 
     </span>
     <span class='ocr_line' id='line_1_30' title="bbox 304 2672 1904 2754; baseline 0.003 -23"><span class='ocrx_word' id='word_1_213' title='bbox 304 2674 396 2732; x_wconf 82' lang='grc' dir='ltr'>καὶ</span> <span class='ocrx_word' id='word_1_214' title='bbox 437 2675 802 2735; x_wconf 79' lang='grc' dir='ltr'>ἐπεκαλέοντο</span> <span class='ocrx_word' id='word_1_215' title='bbox 839 2674 1213 2753; x_wconf 80' lang='grc' dir='ltr'>Ἱπποκράτεα</span> <span class='ocrx_word' id='word_1_216' title='bbox 1256 2672 1357 2734; x_wconf 74' lang='grc' dir='ltr'>τόν</span> <span class='ocrx_word' id='word_1_217' title='bbox 1390 2674 1573 2750; x_wconf 87' lang='grc' dir='ltr'>Γέλης</span> <span class='ocrx_word' id='word_1_218' title='bbox 1612 2674 1904 2754; x_wconf 75' lang='grc' dir='ltr'>τύραννον·</span> 
     </span>
     <span class='ocr_line' id='line_1_31' title="bbox 303 2760 1907 2844; baseline 0.002 -24"><span class='ocrx_word' id='word_1_219' title='bbox 303 2760 372 2837; x_wconf 84' lang='grc' dir='ltr'>ἦν</span> <span class='ocrx_word' id='word_1_220' title='bbox 406 2762 515 2844; x_wconf 70' lang='grc' dir='ltr'>γὰρ</span> <span class='ocrx_word' id='word_1_221' title='bbox 554 2762 624 2842; x_wconf 81' lang='grc' dir='ltr'>δή</span> <span class='ocrx_word' id='word_1_222' title='bbox 667 2770 779 2840; x_wconf 87' lang='grc' dir='ltr'>σφι</span> <span class='ocrx_word' id='word_1_223' title='bbox 811 2762 972 2827; x_wconf 80' lang='grc' dir='ltr'>οὗτος</span> <span class='ocrx_word' id='word_1_224' title='bbox 999 2762 1320 2842; x_wconf 82' lang='grc' dir='ltr'>σύμμαχος·</span> <span class='ocrx_word' id='word_1_225' title='bbox 1365 2762 1489 2821; x_wconf 87' lang='grc' dir='ltr'>ἐπεί</span> <span class='ocrx_word' id='word_1_226' title='bbox 1508 2788 1572 2821; x_wconf 88' lang='grc' dir='ltr'>τε</span> <span class='ocrx_word' id='word_1_227' title='bbox 1598 2762 1658 2821; x_wconf 85' lang='grc' dir='ltr'>δὲ</span> <span class='ocrx_word' id='word_1_228' title='bbox 1684 2762 1907 2823; x_wconf 80' lang='grc' dir='ltr'>αὐτοῖσι</span> 
     </span>
     <span class='ocr_line' id='line_1_32' title="bbox 304 2847 1903 2930; baseline 0.001 -21"><span class='ocrx_word' id='word_1_229' title='bbox 304 2851 396 2909; x_wconf 86' lang='grc' dir='ltr'>καὶ</span> <span class='ocrx_word' id='word_1_230' title='bbox 437 2849 468 2909; x_wconf 81' lang='grc' dir='ltr'>ὁ</span> <span class='ocrx_word' id='word_1_231' title='bbox 509 2850 881 2927; x_wconf 80' lang='grc' dir='ltr'>Ἱπποκράτης</span> <span class='ocrx_word' id='word_1_232' title='bbox 926 2852 1033 2912; x_wconf 74' lang='grc' dir='ltr'>σῦν</span> <span class='ocrx_word' id='word_1_233' title='bbox 1077 2855 1152 2930; x_wconf 83' lang='grc' dir='ltr'>τῇ</span> <span class='ocrx_word' id='word_1_234' title='bbox 1197 2852 1435 2929; x_wconf 85' lang='grc' dir='ltr'>στρατιῇ</span> <span class='ocrx_word' id='word_1_235' title='bbox 1480 2847 1582 2925; x_wconf 82' lang='grc' dir='ltr'>ἧκε</span> <span class='ocrx_word' id='word_1_236' title='bbox 1628 2851 1903 2926; x_wconf 89' lang='grc' dir='ltr'>βοηθέων,</span> 
     </span>
     <span class='ocr_line' id='line_1_33' title="bbox 302 2936 1905 3019; baseline -0.004 -17"><span class='ocrx_word' id='word_1_237' title='bbox 302 2938 522 3015; x_wconf 76' lang='grc' dir='ltr'>Σκύθην</span> <span class='ocrx_word' id='word_1_238' title='bbox 556 2941 660 3016; x_wconf 83' lang='grc' dir='ltr'>μὲν</span> <span class='ocrx_word' id='word_1_239' title='bbox 693 2938 794 2999; x_wconf 77' lang='grc' dir='ltr'>τᾶν</span> <span class='ocrx_word' id='word_1_240' title='bbox 833 2939 1153 3017; x_wconf 83' lang='grc' dir='ltr'>μούναρχον</span> <span class='ocrx_word' id='word_1_241' title='bbox 1183 2942 1293 2998; x_wconf 87' lang='grc' dir='ltr'>τῶν</span> <span class='ocrx_word' id='word_1_242' title='bbox 1320 2937 1648 3019; x_wconf 88' lang='grc' dir='ltr'>Ζαγκλαίων</span> <span class='ocrx_word' id='word_1_243' title='bbox 1680 2936 1905 3013; x_wconf 74' lang='grc' dir='ltr'>ἀποβα-</span> 
     </span>
     <span class='ocr_line' id='line_1_34' title="bbox 299 3024 1905 3103; baseline -0.001 -17"><span class='ocrx_word' id='word_1_244' title='bbox 299 3026 474 3086; x_wconf 80' lang='grc' dir='ltr'>λόντα</span> <span class='ocrx_word' id='word_1_245' title='bbox 517 3028 619 3103; x_wconf 79' lang='grc' dir='ltr'>τὴν</span> <span class='ocrx_word' id='word_1_246' title='bbox 660 3026 832 3088; x_wconf 85' lang='grc' dir='ltr'>πόλιν</span> <span class='ocrx_word' id='word_1_247' title='bbox 872 3025 906 3086; x_wconf 81' lang='grc' dir='ltr'>ὅ</span> <span class='ocrx_word' id='word_1_248' title='bbox 947 3024 1320 3103; x_wconf 74' lang='grc' dir='ltr'>Ἱπποκράτης</span> <span class='ocrx_word' id='word_1_249' title='bbox 1359 3026 1627 3101; x_wconf 83' lang='grc' dir='ltr'>πεδήσας,</span> <span class='ocrx_word' id='word_1_250' title='bbox 1670 3024 1763 3083; x_wconf 84' lang='grc' dir='ltr'>καὶ</span> <span class='ocrx_word' id='word_1_251' title='bbox 1802 3024 1905 3084; x_wconf 80' lang='grc' dir='ltr'>τὸν</span> 
     </span>
     <span class='ocr_line' id='line_1_35' title="bbox 298 3110 1901 3197; baseline -0.002 -25"><span class='ocrx_word' id='word_1_252' title='bbox 298 3111 576 3190; x_wconf 77' lang='grc' dir='ltr'>ἅδελφεον</span> <span class='ocrx_word' id='word_1_253' title='bbox 619 3115 789 3177; x_wconf 82' lang='grc' dir='ltr'>αυτοῦ</span> <span class='ocrx_word' id='word_1_254' title='bbox 833 3115 1178 3197; x_wconf 85' lang='grc' dir='ltr'>Πυθογένεα,</span> <span class='ocrx_word' id='word_1_255' title='bbox 1226 3120 1279 3178; x_wconf 84' lang='grc' dir='ltr'>ἐς</span> <span class='ocrx_word' id='word_1_256' title='bbox 1305 3114 1525 3176; x_wconf 90' lang='grc' dir='ltr'>Ἴνυκον</span> <span class='ocrx_word' id='word_1_257' title='bbox 1566 3113 1737 3172; x_wconf 88' lang='grc' dir='ltr'>πόλιν</span> <span class='ocrx_word' id='word_1_258' title='bbox 1766 3110 1901 3170; x_wconf 69' lang='grc' dir='ltr'>αἶπέ-</span> 
     </span>
     <span class='ocr_line' id='line_1_36' title="bbox 295 3197 1899 3286; baseline -0.002 -24"><span class='ocrx_word' id='word_1_259' title='bbox 295 3211 503 3280; x_wconf 79' lang='grc' dir='ltr'>πεμψε·</span> <span class='ocrx_word' id='word_1_260' title='bbox 544 3231 672 3269; x_wconf 91' lang='grc' dir='ltr'>τους</span> <span class='ocrx_word' id='word_1_261' title='bbox 712 3206 771 3265; x_wconf 80' lang='grc' dir='ltr'>δὲ</span> <span class='ocrx_word' id='word_1_262' title='bbox 811 3203 1044 3267; x_wconf 85' lang='grc' dir='ltr'>λοιπους</span> <span class='ocrx_word' id='word_1_263' title='bbox 1086 3204 1450 3286; x_wconf 85' lang='grc' dir='ltr'>Ζαγκλαίους,</span> <span class='ocrx_word' id='word_1_264' title='bbox 1493 3197 1899 3278; x_wconf 84' lang='grc' dir='ltr'>κοινολογησα-</span> 
     </span>
    </p>

    <p class='ocr_par' dir='ltr' id='par_1_4' title="bbox 357 3282 1895 3371">
     <span class='ocr_line' id='line_1_37' title="bbox 357 3282 1895 3371; baseline 0.001 -19"><span class='ocrx_word' id='word_1_265' title='bbox 357 3312 459 3352; x_wconf 74' lang='lat' dir='ltr'>:vos-</span> <span class='ocrx_word' id='word_1_266' title='bbox 495 3294 649 3351; x_wconf 81' lang='grc' dir='ltr'>τοῖσι</span> <span class='ocrx_word' id='word_1_267' title='bbox 674 3294 943 3371; x_wconf 82' lang='grc' dir='ltr'>Σαμίοισι</span> <span class='ocrx_word' id='word_1_268' title='bbox 969 3292 1062 3353; x_wconf 81' lang='grc' dir='ltr'>καὶ</span> <span class='ocrx_word' id='word_1_269' title='bbox 1089 3292 1284 3368; x_wconf 85' lang='grc' dir='ltr'>ὅρκους</span> <span class='ocrx_word' id='word_1_270' title='bbox 1310 3291 1440 3353; x_wconf 81' lang='grc' dir='ltr'>δους</span> <span class='ocrx_word' id='word_1_271' title='bbox 1464 3314 1559 3348; x_wconf 89' lang='grc' dir='ltr'>και</span> <span class='ocrx_word' id='word_1_272' title='bbox 1584 3282 1895 3359; x_wconf 64' lang='grc' dir='ltr'>δεξάμενος,</span> 
     </span>
    </p>
   </div>
  </div>
 </body>
</html>
