2259 3500
360 142 645 208 161—164]
1022 141 1393 192 nommxu.
1867 146 1962 199 187

360 224 435 288 οἷς
474 230 534 284 ἐν
571 227 651 305 τῷ
689 226 913 303 ἐνιαυτῷ
951 223 1076 283 ἐστὶ
1113 222 1181 283 τό
1223 222 1322 299 ἔαρ
1353 220 1742 299 δοκιμώτατον,
1767 228 1870 301 τῆς
1903 226 1964 285 δὲ

359 316 469 373 τῶν
502 311 791 387 Ἑλλήνων
826 314 1093 387 στρατιῆς
1128 310 1234 385 τὴν
1271 313 1470 370 ἑωυτοῦ
1507 311 1795 387 στρατιήν·
1837 338 1962 373 στε-

358 400 697 477 ρισκομένην
731 398 806 459 ὧν
834 398 939 474 τὴν
977 398 1232 457 Ἑλλάδα
1272 401 1372 473 τῆς
1408 402 1608 459 ἑωυτοῦ
1640 404 1964 479 συμμαχίης

361 488 555 559 εἴκαζε,
579 487 651 550 ὥς
671 492 719 546 εἰ
736 486 803 548 τὸ
824 488 920 563 ἔαρ
942 491 1003 545 ἐκ
1022 490 1121 545 τοῦ
1143 488 1392 545 ἐνιαυτοῦ
1413 486 1840 565 ἐξαραιρημένον
1861 490 1962 565 εἴη.

440 579 517 634 Οἱ
558 578 663 652 μὲν
704 575 773 651 δὴ
814 578 925 635 τῶν
963 573 1254 650 Ἑλλήνων
1298 572 1532 656 ἄγγελοι
1566 579 1816 637 τοσαῦτα
1848 581 1926 655 τῷ
1945 580 2058 638 163

360 664 571 724 Γέλωνι
611 662 1095 741 χρηματισάμενοι
1137 661 1438 723 ἀπέπλεον·
1492 665 1682 725 Γέλων
1723 664 1784 724 δὲ
1824 664 1964 741 πρός

358 756 552 820 ταῦτα,
582 752 771 812 δείσας
795 754 899 828 μὲν
924 749 1051 827 περὶ
1076 755 1230 810 τοῖσι
1258 750 1518 827 Ἕλλησι
1541 752 1624 829 μή
1649 752 1714 811 οὖ
1741 754 1964 813 δυνέων-

359 863 453 897 ται
486 838 587 899 τὸν
620 837 923 916 βάρβαρον
954 838 1401 915 υπερβαλέσθαι,
1430 839 1606 900 δεινὸν
1633 840 1692 899 δὲ
1729 842 1822 901 καὶ
1862 840 1962 901 οὐκ

360 924 675 1005 ανασχετόν
736 925 1111 1002 ποιησάμενος
1171 925 1349 987 ἐλθων
1407 931 1462 989 ἐς
1521 927 1964 1005 Πελοπόννησον

358 1012 695 1093 α”ρχεσθαι”
660 1013 771 1074 υπὸ
799 1014 1298 1089 Λακεδαιμονίων’
1273 1040 1374 1075 εων
1403 1016 1660 1093 Σικελίης
1682 1016 1960 1093 τύραννος,

357 1101 563 1178 ταύτην
602 1105 707 1179 μὲν
744 1102 847 1177 τήν
888 1100 1017 1161 ὁδὸν
1057 1100 1395 1178 ἤμέλησε,“
1363 1130 1395 1163 ο
1437 1103 1496 1162 δὲ
1538 1103 1718 1180 ἄλλης
1760 1106 1962 1184 εἴχετο·

360 1189 484 1248 ἐπεί
511 1216 573 1249 τε
602 1190 713 1271 γσὶρ
744 1190 991 1268 τάχιστα
1028 1188 1262 1249 ἐπύθετο
1290 1190 1390 1251 τᾶν
1427 1193 1660 1270 Πέρσην
1690 1193 1962 1270 διαβεβη-

292 1346 299 1355 ⁸
358 1276 495 1336 κότα
549 1277 649 1338 τόν
706 1278 1153 1353 Ἑλλήσποντον,
1215 1279 1423 1356 πέμπει
1479 1282 1962 1358 πεντηκοντέροισι

356 1365 513 1439 τρισὶ
539 1364 775 1443 Κάδμον
798 1364 899 1425 τὸν
926 1364 1163 1434 Σκύθεω,
1191 1365 1362 1443 ἄνδρα
1388 1371 1568 1446 Κῷον,
1597 1374 1653 1431 ἐς
1679 1368 1962 1445 Δελφοῦς,

360 1452 559 1529 ἔχοντα
594 1452 859 1533 χρήματα
898 1452 1091 1511 πολλά
1135 1454 1228 1511 καὶ
1268 1456 1492 1530 φιλίους
1532 1455 1752 1536 λόγους,
1797 1482 1962 1535 καρα·

358 1538 671 1615 δοκήσοντα
722 1540 827 1616 τὴν
870 1539 1061 1619 μάχην
1104 1538 1144 1618 ᾗ
1187 1542 1468 1601 πεσέεται·
1530 1544 1621 1601 καὶ
1665 1542 1734 1618 ἢν
1778 1545 1904 1619 μὲν·
1935 1558 1968 1615 ὁ

356 1624 655 1705 βαρβαρος
704 1652 848 1707 νικα,
890 1654 961 1687 τα
1005 1652 1069 1687 τε
1110 1627 1375 1706 χρήματα
1419 1628 1566 1708 αὐτω
1608 1629 1816 1697 διδόναι
1867 1631 1961 1689 καὶ

356 1716 469 1793 γῆν
518 1740 581 1774 τε
634 1715 727 1775 καὶ
778 1716 921 1794 ὕδωρ
973 1719 1083 1776 τῶν
1126 1714 1288 1796 ἄρχει
1337 1744 1372 1778 ο
1425 1718 1631 1778 Γέλων·
1687 1715 1756 1794 ἣν
1801 1716 1860 1778 δὲ
1907 1720 1962 1779 οἱ
2039 1771 2050 1776 ,

346 1801 702 1880 Ελληνες,’
670 1805 853 1864 οπίσω
880 1803 1135 1884 οἷποὶγειν.
1171 1825 1176 1828 “

436 1889 507 1950 Ὁ
558 1891 620 1950 δὲ
672 1893 905 1970 Κάδμος
952 1918 1127 1961 ουτος,
1175 1891 1446 1970 πρότερον
1490 1917 1697 1953 τουτων
1741 1918 1918 1971 παρα·
1939 1896 2052 1954 164

356 1977 651 2056 δεξάμενος
700 1981 855 2058 παρὰ
911 1979 1121 2058 πατρὸς
1172 1980 1276 2056 τὴν
1327 1980 1647 2058 τυραννίδα.
1674 1981 1847 2061 Κῴων
1899 1980 1960 2042 εὖ

353 2068 690 2144 βεβηκυῖαν,
708 2069 845 2128 ἐκῶν
868 2095 933 2130 τε
960 2068 1099 2128 εἶναι
1124 2069 1217 2127 καὶ
1243 2069 1420 2128 δεινοῦ
1447 2068 1697 2134 ἐπιόντος
1723 2069 1958 2140 οὖδενός,

355 2153 512 2214 ἅλλοὶ
550 2155 663 2214 α’πό
706 2156 1073 2232 δικαιοσύνης,
1114 2160 1170 2219 ἐς
1209 2157 1390 2233 μέσον
1436 2157 1652 2236 Κῴοισι
1705 2157 1960 2221 καταθεὶς

355 2241 458 2316 τήν
498 2242 693 2321 ἀρχὴν,
738 2244 925 2322 οἴχετο
968 2249 1023 2307 ἐς
1066 2245 1344 2320 Σικελίην·
1388 2244 1518 2304 ἔνθα
1551 2244 1695 2321 μετὰ
1737 2245 1960 2322 Σαμίων

360 2327 494 2405 ἔσχε
518 2354 581 2387 τε
613 2330 705 2387 καὶ
746 2331 1045 2406 κατοίκησε
1082 2331 1253 2391 πόλιν
1294 2331 1554 2414 Ζάγκλην
1583 2333 1688 2409 τήν
1719 2337 1774 2396 ἐς
1799 2339 1957 2394 Μεσ-

358 2414 537 2488 σήνην
562 2418 1006 2493 μεταβαλοῦσαν
1029 2418 1095 2478 τὸ
1123 2444 1350 2496 ουνομα.

366 2539 371 2545 -
438 2507 649 2563 Τοῦτον
689 2504 839 2580 δὴ’
798 2532 873 2566 ων
911 2504 944 2564 ὁ
984 2507 1176 2567 Γέλων
1213 2506 1314 2568 τὸν
1345 2507 1578 2584 Κάδμον
1611 2509 1703 2568 καὶ
1728 2509 1958 2588 τοιούτω
2031 2555 2038 2564 ,

356 2589 543 2670 τρόπῳ
594 2591 945 2670 απικόμενον,
988 2593 1079 2653 διοὶ
1112 2591 1484 2672 δικαιοσύνην
1533 2595 1636 2672 τήν
1688 2622 1743 2656 οι
1795 2594 1960 2659 αυτός

357 2675 543 2754 ἄλλην
568 2680 849 2786 συνῄδεε’
822 2686 1043 2751 εοῦσαν,
1071 2683 1303 2758 ἔπεμπε·
1342 2682 1404 2746 ὃς
1429 2683 1522 2742 ἐπὶ
1545 2687 1698 2742 τοῖσι
1723 2682 1957 2742 ἄλλοισι

357 2765 621 2826 δικαίοισι
645 2771 797 2828 τοῖσι
831 2769 942 2838 ἐξ“
915 2774 1117 2830 εωυτοῦ
1148 2771 1561 2852 ἐργασμένοισι,
1591 2771 1682 2830 καὶ
1706 2769 1834 2830 τόδε
1859 2769 1959 2830 οὐκ

356 2851 663 2932 ἐλάχιστον
694 2855 901 2916 τούτων
917 2858 1208 2918 ἐλείπετο·
1250 2858 1532 2936 κρατήσας
1557 2885 1672 2940 γαρ
1695 2843 1960 2939 μεγάλων

352 2942 655 3018 χρημάτων
692 2946 804 3003 τῶν
844 2948 899 3004 οἶ
938 2945 1129 3005 Γέλων
1169 2945 1525 3023 ἐπετραπετο,
1551 2945 1762 3022 παρεόν
1793 2970 1956 3005 κατα-

355 3030 620 3108 σχέσθαι,
664 3030 762 3090 οὖκ
805 3033 1058 3108 ἐθέλησε,
1100 3032 1233 3091 ἀλλ’
1276 3034 1396 3092 ἐπεὶ
1437 3036 1492 3091 οἱ
1518 3033 1796 3108 Ἕλληνες
1836 3036 1953 3091 ἐπε-

354 3118 641 3195 κράτησαν
693 3125 763 3198 τῇ
816 3122 1111 3205 ναυμαχίῃ,
1161 3123 1252 3180 καὶ
1297 3121 1508 3196 Ξέρξης
1555 3119 1778 3197 οἰχώκεε
1823 3117 1954 3180 οἷπε-

351 3206 585 3278 λαύνων,
616 3208 707 3268 καὶ
737 3208 806 3284 δή
844 3209 937 3267 καὶ
968 3211 1171 3272 ἐκεῖνος
1202 3209 1432 3268 οἷπίκετο
1469 3210 1523 3267 ἐς
1553 3205 1657 3280 τήν
1694 3207 1955 3284 Σικελίην

350 3293 465 3357 ἀπὸ
490 3296 683 3360 πάντα
699 3295 773 3358 τὰ
796 3294 1063 3375 χρήματα
1087 3295 1256 3370 ἄγων.
