2259 3500
359 119 574 184 83-87]
981 117 1359 168 KAAAIOHH.
1856 118 1949 167 321

357 197 696 274 ἐποιήσαντο
741 195 934 274 θήκας·
1003 197 1135 257 ἔνθα
1179 198 1283 273 μὲν
1323 194 1453 260 τούς
1506 197 1682 274 ἰρένας
1724 196 1953 276 ἔθαψαν,

357 290 466 346 τῶν
509 285 602 344 καὶ
645 283 1020 347 Ποσειδώνιος
1067 285 1165 342 καῖ’
1199 282 1629 361 Ἀμομφάρετος
1668 284 1819 360 ἦσαν
1865 285 1956 343 καὶ

358 372 646 432 Φιλοκύων
681 399 744 432 τε
777 372 868 431 καὶ
907 371 1328 449 Καλλικράτης.
1411 377 1469 431 ἐν
1503 373 1607 449 μὲν
1648 371 1715 448 δὴ
1747 372 1825 432 ἑνὶ
1848 376 1959 432 τῶν

357 460 554 536 τάφων
597 459 748 537 ἦσαν
796 463 851 519 οἱ
891 458 1079 537 ἰρένες·
1150 465 1207 519 ἐν
1254 459 1315 518 δὲ
1357 463 1435 538 τῷ
1480 461 1643 538 ἑτέρῳ
1690 463 1744 519 οἱ
1788 457 1959 518 ἄλλοι
2000 515 2007 524 ,

361 550 729 626 Σπαρτιῆται·
771 553 829 608 ἐν
855 547 916 607 δὲ
949 551 1026 626 τῷ
1059 546 1243 626 τρίτῳ,
1273 549 1326 606 οἳ
1359 547 1597 610 εἵλωτες.
1680 545 1833 607 οὗτοι
1859 549 1963 624 μὲν

362 634 504 696 οὕτω
548 635 804 697 ἔθαπτον.
886 639 1159 716 Τεγεῆται
1206 635 1266 694 δὲ
1309 633 1478 713 χωρὶς
1522 633 1733 698 πάντας
1772 635 1961 698 ἁλέας·

367 722 456 780 καὶ
488 721 778 798 Ἀθηναῖοι
811 721 943 786 τοῦς
978 725 1190 782 ἑωυτῶν
1226 721 1389 799 ὁμοῦ·
1444 723 1535 780 καὶ
1576 723 1862 802 Μεγαρέες
1899 747 1962 781 τε

367 809 459 868 καὶ
509 809 779 874 Φλιάσιοι
829 808 959 872 τούς
999 809 1112 868 ὕπὸ
1166 814 1267 882 τῆς
1322 810 1493 869 ἵππου
1540 809 1958 886 διαφθαρέντας.

364 894 574 957 τούτων
606 899 711 974 μὲν
742 897 811 972 δὴ
845 896 1065 956 πάντων
1093 896 1335 974 πλήρεες
1375 898 1628 978 ἐγένοντο
1672 899 1725 956 οἱ
1769 897 1963 972 τάφοι·

364 987 476 1045 τῶν
527 984 587 1043 δὲ
639 984 832 1044 ἄλλων
872 983 1002 1044 ὅσοι
1055 985 1148 1043 καὶ
1191 985 1483 1060 φαίνονται
1525 989 1583 1044 ἐν
1635 987 1965 1062 Πλαταιῇσι

369 1070 548 1136 ἐόντες
572 1072 764 1149 τάφοι,
791 1071 1020 1136 τούτους
1045 1073 1119 1146 δὲ,
1152 1073 1221 1136 ὥς
1248 1071 1355 1152 ἐγῶ
1382 1072 1745 1149 πυνθάνομαι,
1774 1076 1967 1132 ἐπαισ-

367 1161 703 1239 χυνομένους
726 1165 798 1240 τῇ
823 1159 1064 1220 ἅπεστῦἳ
1087 1163 1189 1236 τῆς
1213 1159 1415 1239 μάχης,
1446 1159 1711 1224 ἑκάστους
1734 1159 1971 1239 χώματα

368 1252 554 1327 χῶσαι
595 1248 762 1319 κεινιὶ,
801 1252 911 1309 τῶν
952 1249 1344 1330 ἐπιγινομένων
1398 1248 1600 1308 εἵνεκεν
1654 1247 1970 1325 ἀνθρώπων.

373 1335 492 1414 ἐπεὶ
523 1337 616 1394 καὶ
650 1337 986 1417 Αἰγινητέων
1022 1338 1154 1396 ἐσκὲ
1185 1334 1379 1395 αὐτόθι
1415 1335 1751 1413 καλεόμενος
1774 1334 1974 1412 τάφος,

371 1447 473 1482 τον
509 1423 615 1506 ἐγω
655 1423 834 1484 ἀκούω
870 1424 964 1482 καὶ
998 1424 1197 1483 δέκα”
1167 1447 1319 1482 ετεσι
1347 1421 1585 1501 ὕστερον
1613 1449 1757 1500 μετα
1782 1427 1974 1491 ταῦτα,

375 1505 674 1585 δεηθέντων
738 1514 848 1571 τῶν
916 1511 1267 1602 Αἰγινητέων,
1322 1512 1510 1596 χῶσαι
1560 1507 1825 1585 Κλεάδην
1876 1508 1977 1570 τόν

376 1595 682 1657 Αὗτοδικου
709 1597 881 1675 ανδρα
906 1596 1219 1668 Πλαταιέα,
1245 1591 1587 1675 πρόξεινον’
1560 1595 1723 1657 εόντα
1750 1595 1949 1658 αυτῶν.

456 1683 555 1749 Ὡς
585 1683 704 1744 δ”
667 1711 776 1763 αρα
814 1687 1026 1765 ἔθαψαν
1058 1712 1191 1749 τους
1220 1711 1444 1764 νεκρους
1470 1688 1529 1746 ἐν
1564 1687 1897 1763 Πλαταιῇσι
1923 1711 1977 1744 οι
1958 1685 2068 1744 ’86

369 1774 662 1850 Ἕλληνες,
699 1773 895 1835 αὐτίκα
927 1774 1401 1853 βουλευομένοισί
1437 1779 1550 1850 σφι
1584 1771 1767 1832 ἐδόκεε
1806 1798 1976 1850 στρα-

377 1863 637 1922 τεύεσθαι
677 1862 767 1922 ἐπὶ
807 1862 907 1926 τοὶς
946 1861 1161 1939 Θήβας,
1202 1888 1294 1921 και
1334 1862 1593 1931 ἐξαιτέειν
1633 1858 1811 1921 αὐτῶν
1848 1886 1978 1923 τους

379 1952 736 2027 μηδίσαντας,
778 1955 837 2011 ἐν
871 1976 1147 2029 πρωτοισι
1181 1951 1241 2010 δε
1272 1949 1451 2011 αὐτων
1483 1948 1850 2029 Τιμηγενίδην
1886 1948 1979 2007 καὶ

378 2036 721 2121 Ἀτταγῖνον,
765 2066 819 2100 οι
856 2039 1164 2121 ἀρχηγέται
1198 2038 1305 2099 οἴνα
1333 2037 1583 2116 πρώτους
1610 2035 1779 2113 ἦσαν·
1817 2034 1889 2113 ἦν
1920 2036 1980 2095 δὲ

379 2152 461 2203 μη
519 2128 791 2196 ἐκδιδῶσι,
845 2154 926 2203 μη
980 2127 1402 2188 ἀπανίστασθαι
1458 2124 1583 2186 ἀπο·
1626 2129 1729 2200 τῆς
1782 2122 1981 2185 πόλιος

381 2212 652 2293 πρότερον
691 2212 728 2288 ἢ
770 2214 1024 2283 ἐξέλωσι·
1067 2214 1139 2277 ὥς
1178 2214 1241 2273 δέ
1278 2221 1390 2289 σφι
1428 2219 1605 2274 ταῦτα
1645 2213 1811 2283 ἔδοξε,
1840 2210 1981 2273 οὕτω

384 2300 454 2373 δὴ
495 2300 751 2377 ἑνδεκάτῃ
790 2301 970 2378 ἡμέρῃ
1012 2299 1125 2359 ‹in-6
1165 2304 1267 2375 τῆς
1312 2302 1618 2376 συμβολῆς
1658 2300 1984 2378 ἀπικόμενοι

387 2385 746 2462 ἐπολιόρκεον
795 2387 1098 2463 Θηβαίους,
1154 2385 1471 2447 κελεύοντες
1529 2386 1797 2447 ἐκδιδόναι
1854 2388 1984 2451 τούς

385 2471 604 2550 ἄνδρας·
647 2472 715 2532 οὗ
747 2474 1110 2551 βουλομένων
1156 2470 1215 2531 δὲ
1247 2476 1359 2532 τῶν
1393 2473 1659 2547 Θηβαίων
1696 2474 1979 2547 ἐκδιδόναι,

385 2560 489 2635 τήν
527 2586 590 2621 τε
626 2564 736 2641 γῆν
773 2560 954 2621 αὐτῶν
992 2561 1229 2637 ἔταμνον
1268 2560 1361 2619 καὶ
1398 2559 1809 2637 προσέβαλλον
1844 2560 1986 2637 πρὸς

387 2647 453 2707 τό
493 2652 696 2728 τεῖχος.
779 2649 896 2708 Καὶ
947 2648 1012 2708 οὗ
1063 2648 1175 2730 γὰρ
1229 2646 1497 2707 ἐπαύοντο
1544 2646 1870 2723 σινεόμενοι,
1915 2649 1984 2706 εἰ·
2002 2646 2078 2710 87

389 2739 570 2815 κοστῇ
617 2735 798 2815 ἡμέρῃ
851 2737 1006 2805 ἔλεξε
1056 2740 1211 2797 τοῖσι
1263 2736 1571 2812 Θηβαίοισι
1622 2733 2016 2818 Τιμηγενίδης,

389 2821 539 2883 τάδε·
582 2834 618 2859 “
633 2823 825 2903 ανδρες
854 2824 1116 2900 Θηβαῖοι,
1152 2822 1338 2899 ἐπειδὴ
1376 2823 1515 2883 οὕτω
1548 2823 1799 2883 δέδοκται
1832 2825 1987 2882 τοῖσι

381 2902 652 2995 Ελλησι,
679 2938 760 2989 μη
784 2910 1057 2989 πρότερον
1081 2910 1472 2987 α’παναστῆναι
1495 2908 1985 3022 πολιορκέονταςί
1949 2936 1989 2986 η

393 2988 630 3067 ἐξέλωσι
646 3000 911 3111 Θήβας,
923 2997 962 3077 ἢ
990 2998 1169 3077 ἡμέας
1208 2999 1429 3060 αυτοῖσι
1454 3000 1759 3077 παραδῶτε,
1786 3003 1883 3059 νῦν
1914 3023 1989 3059 ων

390 3084 576 3163 ημέων
617 3087 798 3170 εἵνεκα
835 3092 911 3171 γῆ
951 3087 990 3165 ἦ
1029 3088 1269 3165 Βοιωτίη
1322 3087 1477 3146 πλέω
1527 3114 1609 3164 μη
1663 3086 1986 3166 ἀναπλήσῃ·

394 3173 526 3234 αλλ’
554 3179 602 3238 εἶ
638 3204 743 3257 μεν
779 3176 1079 3288 χρημάτων
1115 3177 1433 3258 χρηιζοντες
1470 3176 1781 3257 πρόσχημα
1814 3175 1991 3253 ημέας

394 3264 742 3346 ἐξαιτέονται,
773 3264 1037 3349 χρήματα
1059 3272 1175 3343 σφι
1204 3265 1435 3343 δῶμεν’
1410 3291 1471 3325 εκ
1499 3269 1600 3327 τοῦ
1636 3269 1840 3331 κοινοῦ·
1880 3289 1989 3325 συν

2151 3243 2195 3275 ,ι
2234 3226 2237 3275 Ι
