2259 3500
362 109 454 157 158
962 104 1328 154 ‘flPvo'ro'r
1801 105 1955 171 [vn.

361 188 674 265 Μέρβαλος
707 186 1023 267 Ἀγβάλου,
1062 184 1156 242 καὶ
1192 184 1370 255 Κίλιξ
1406 186 1696 251 Συέννεσις
1726 185 1959 263 Ὠρομέ-

354 274 561 344 δοντος,
592 277 683 335 καὶ
712 276 918 339 Λύκιος
956 273 1348 349 Κυβερνίσκος
1376 274 1534 337 Σίκα·
1577 274 1670 333 καὶ
1696 274 1957 351 Κύπριοι,

352 362 567 445 Γόργος
590 380 666 424 ’τε
707 365 739 425 ό
782 366 1039 441 Χέρσιος,
1093 362 1186 419 καὶ
1227 363 1488 437 Τιμῶναξ
1533 362 1566 423 ὁ
1613 363 1957 443 Τιμαγόρεω·

351 451 445 509 καὶ
497 456 701 529 Καρῶν
748 450 1012 513 Ἱστιαῖός
1051 475 1113 508 τε
1161 447 1193 508 ὅ
1249 448 1474 525 Τύμνεω
1523 450 1616 509 καὶ
1659 450 1879 530 Πίγρης
1921 475 1955 508 ο

258 540 333 597 99
354 539 655 617 Σελδώμου
702 542 793 601 καὶ
841 538 1252 615 Δαμασίθυμος
1305 534 1339 596 o‘
1392 537 1783 597 Κανδαύλεω.’
1835 544 1959 601 Τῶν

347 627 453 702 μέν
504 654 599 687 νυν
643 628 835 688 ἄλλων
881 625 946 687 ού
992 626 1430 702 παραμέμνημαι
1477 625 1834 704 ταξιαρχέων,
1885 626 1956 691 ὥς

353 713 453 773 οὐκ
496 714 957 796 ἀναγκαζόμενος·
1009 713 1371 790 Ἀρτεμισίης
1419 712 1494 783 δὲ,
1542 717 1644 789 τῆς
1695 712 1954 789 μάλιστα

350 802 509 880 θῶμα
551 810 812 881 ποιεῦμαι
852 804 945 863 ε’πὶ
989 800 1094 878 τήν
1139 800 1394 859 Ἑλλάδα
1446 804 1950 879 στρατευσαμένης,

344 893 622 971 γυναικός·
686 892 822 969 ἥτις,
868 889 1248 953 ἀποθανόντος
1289 893 1391 949 τοῦ
1439 888 1652 967 ἀνδρὸς,
1703 889 1845 967 αὐτ-η’
1889 919 1952 951 τε

344 979 556 1057 ἔχουσα
576 981 680 1056 τήν
704 980 999 1059 τυραννίδα
1019 978 1111 1038 καὶ
1130 976 1329 1040 παιδὸς
1345 976 1694 1056 ὑπάρχοντος
1712 981 1948 1055 νεηνίεω,

347 1065 459 1126 ύπό
492 1066 747 1145 λήματός
776 1095 839 1128 τε
872 1069 965 1126 καὶ
991 1066 1250 1143 ἀνδρηίης
1283 1065 1662 1142 ἐστρατεύετο,
1691 1065 1950 1143 οὐδεμιῆς

348 1154 550 1229 ἐούσης
576 1159 631 1213 οἱ
656 1155 975 1236 ἀναγκαίης.
1045 1153 1256 1229 οὔνομα
1281 1156 1384 1230 μὲν
1411 1153 1478 1229 δή
1500 1152 1569 1229 ἦν
1595 1154 1736 1233 αὐτῇ
1760 1154 1948 1232 Ἀρτε-

344 1242 527 1317 μισίη,
558 1242 804 1323 θυγάτηρ
838 1242 897 1301 δὲ
933 1240 1005 1318 ἦν
1033 1241 1373 1322 Λυγδάμιος·
1415 1243 1574 1323 γένος
1613 1243 1671 1301 δὲ
1703 1243 1765 1313 ἐξ
1793 1241 1948 1303 Ἀλι-

346 1334 669 1405 καρνησσοῦ
694 1330 767 1391 τσῖ
794 1328 937 1408 πρός
954 1328 1184 1407 πατρός,
1205 1329 1276 1389 τοὶ
1294 1329 1572 1407 μητρόθεν
1593 1330 1652 1388 δὲ
1674 1334 1944 1406 Κρῆσσα.

343 1416 645 1497 ἡγεμόνευε
705 1419 765 1478 δὲ
815 1419 1307 1496 Ἀλικαρνησσέων
1361 1444 1422 1477 τε
1477 1418 1568 1476 καὶ
1628 1418 1799 1496 Κῴων
1853 1421 1945 1479 καὶ

342 1507 629 1583 Νισυρίων
654 1534 716 1567 τε
743 1508 837 1567 καὶ
857 1507 1213 1583 Καλυμνίων,
1235 1506 1400 1565 πέντε
1424 1507 1548 1570 νέας
1566 1508 1941 1585 παρεχομένη·

342 1592 434 1651 καὶ
461 1595 791 1673 συναπάσης
816 1599 918 1671 τῆς
944 1598 1230 1673 στρατιῆς,
1258 1593 1402 1671 μετά
1427 1620 1494 1675 γε
1519 1593 1620 1656 τοῖς
1653 1594 1940 1667 Σιδωνίων,

341 1681 466 1746 νέας
507 1682 868 1755 εὐδοξοτάτας
910 1685 1227 1764 παρείχετο,
1275 1681 1493 1741 πάντων
1538 1708 1600 1741 τε
1642 1686 1752 1743 τῶν
1800 1709 1941 1761 συμ-

337 1771 532 1851 μάχων
571 1773 793 1854 γνώμας
834 1773 1067 1850 ἀρίστας
1096 1771 1340 1849 βασιλέϊ
1370 1770 1693 1840 ἀπεδέξατο·
1741 1775 1851 1831 τῶν
1881 1772 1941 1832 δὲ

340 1860 610 1929 κατέλεξα
650 1862 862 1920 πολίων
894 1858 1252 1940 ἡγεμονεύειν
1283 1857 1472 1933 αύτήν,
1509 1856 1576 1917 τδ
1612 1859 1764 1922 ἔθνος
1804 1859 1940 1919 ἀπο-

339 1948 521 2022 φαίνω
550 1953 665 2007 πᾶν
692 1948 785 2007 {dv
813 1947 1081 2024 Δωρικόν·
1122 1947 1618 2021 Ἀλικαρνησσῆας
1651 1949 1754 2022 μὲν
1781 1954 1938 2024 Τροι-

338 2034 568 2110 ζηνίους,
591 2033 723 2097 τοῦς
742 2035 801 2093 δὲ
823 2034 1034 2097 ἄλλους
1051 2033 1456 2110 Ἐπιδαυρίους.
1511 2038 1566 2096 ἐς
1583 2036 1686 2110 μὲν
1704 2035 1939 2097 τοσόνδε

336 2119 370 2179 ὁ
398 2120 651 2185 ναυτικὰς
678 2120 923 2200 στρατός
948 2121 1178 2200 εἴρηται.

243 2209 359 2267 100
443 2209 653 2286 Ξέρξης
695 2210 770 2280 δὲ,
816 2210 937 2270 ἐπεὶ
988 2209 1274 2287 ἤρίθμησέ
1322 2236 1383 2269 τε
1439 2209 1532 2268 καὶ
1585 2209 1850 2289 διετάχθη
1885 2211 1936 2271 Ᾰὸ

335 2297 593 2373 στρατός,
640 2297 960 2376 ἐπεθύμησε
1004 2297 1169 2361 αὐτός
1211 2303 1395 2374 σφεας
1435 2297 1763 2367 διεξελάσας
1810 2297 1936 2374 θεή-

335 2385 569 2443 σασθαι·
610 2385 754 2461 μετά
788 2387 846 2446 δὲ
874 2389 1054 2446 ἐποίεε
1083 2391 1277 2456 ταῦτα,
1317 2386 1410 2445 καὶ
1445 2385 1803 2455 διεξελαύνων
1843 2387 1934 2444 ἐπὶ

332 2469 579 2548 ἅρματος
625 2475 779 2552 παρά
822 2465 975 2537 ἔθνος
1022 2475 1079 2534 ἓν
1122 2475 1376 2544 ἕκαστον,
1425 2473 1778 2534 ἐπυνθάνετο·
1843 2475 1934 2532 καὶ

332 2558 666 2640 ἀπέγραφον
708 2565 761 2621 οἱ
804 2563 1246 2643 γραμματισταί·
1318 2562 1414 2624 ἔως
1467 2562 1529 2630 ἐξ
1579 2561 1833 2640 ε’σχάτων
1879 2567 1935 2625 ἐς

332 2645 549 2726 ἔσχατα
576 2648 806 2710 ἀπίκετο
834 2652 927 2708 καὶ
951 2653 1052 2725 τῆς
1082 2651 1254 2709 ἵππου
1281 2649 1374 2708 καὶ
1397 2653 1499 2709 τοῦ
1523 2650 1712 2719 πεζοῦ.
1776 2648 1848 2712 ὦς
1874 2649 1934 2718 δὲ

327 2734 507 2795 ταῦτά
548 2740 602 2795 οἱ
643 2739 958 2812 ἐπεποίητο,
999 2741 1110 2798 τῶν
1149 2741 1285 2797 νεῶν
1325 2738 1838 2798 κατελκυσθεισέων
1879 2743 1933 2800 ἐς

330 2822 652 2895 θάλασσαν,
682 2826 919 2884 ἐνθαῦτα
943 2824 977 2885 o‘
1004 2825 1215 2903 Ξέρξης
1237 2824 1518 2902 μετεκβάς
1545 2829 1604 2884 ἐκ
1629 2829 1731 2885 τοῦ
1757 2823 1931 2902 ἅρμα-

325 2935 423 2974 τος
462 2916 517 2975 ἐς
557 2913 655 2972 νέα
694 2913 975 2995 Σιδωνίην,
1015 2914 1160 2983 ἵζετο
1196 2913 1305 2974 ὖπό
1343 2916 1526 2992 σκηνῇ
1561 2914 1795 2991 χρυσέῃ·
1840 2913 1932 2972 καὶ

327 2999 610 3074 παρέπλεε
635 2999 789 3078 παρὰ
824 2999 926 3063 τὰς
960 3000 1184 3077 πρώρας
1219 3005 1330 3060 τῶν
1357 3004 1507 3069 νεῶν,
1538 3004 1843 3077 ε’πειρωτῶν
1868 3026 1931 3059 τε

328 3082 566 3149 ἑκάστας
598 3087 801 3164 ὁμοίως
837 3088 931 3146 καὶ
968 3087 1067 3147 τὸν
1099 3087 1268 3159 πεζὸν
1311 3088 1403 3146 καὶ
1441 3085 1928 3168 ἀπογραφόμενος·

326 3171 428 3235 τοῖς
454 3173 513 3232 δὲ
534 3175 663 3244 νέας
681 3179 737 3236 οἱ
756 3175 1025 3254 ναύαρχοι
1051 3174 1422 3256 ἀναγαγόντες
1441 3174 1582 3236 ὅσον
1600 3200 1664 3234 τε
1682 3175 1930 3250 τέσσερα

328 3259 549 3334 πλέθρα
574 3261 687 3323 dv&
712 3267 814 3323 τοῦ
840 3266 1101 3344 αἰγιαλοῦ
1126 3261 1482 3341 ἀνεκώχευον,
1504 3260 1605 3324 τοῖς
1624 3260 1846 3338 πρώρας
1873 3264 1929 3324 ἒς
