2259 3500
292 108 384 155 166
758 102 767 109 ·
918 101 1270 153 nrvomo‘r
1727 103 1882 167 [vn.

286 182 512 256 λόντων,
557 182 865 259 δασάμενοι
900 185 1062 242 σῖτον
1104 187 1164 241 ἐν
1205 184 1342 260 τῇσι
1381 180 1586 240 πόλισι
1623 185 1678 241 οἶ
1720 181 1888 244 α’,στοὶ

290 268 499 347 ἄλευρά
543 294 604 328 τε
654 271 746 329 καὶ
792 268 1011 346 ἅλφιτα
1058 269 1276 328 ἐποίευν
1322 268 1524 330 πάντες
1571 269 1664 329 ἐπὶ
1709 260 1901 346 μῆνας·

291 358 546 437 συχνούς·
586 362 753 418 τοῦτο
794 358 869 426 δὲ,
901 357 1098 433 κτήνεα
1130 356 1456 417 σιτεύεσκον
1483 357 1889 434 ἐξευρίσκοντες

291 451 456 523 τιμῆς
495 444 567 506 τοὶ
614 446 915 516 κάλλιστα,
958 445 1195 522 ἔτρεφόν
1231 470 1293 504 τε
1328 443 1551 521 ὄρνιθας
1590 447 1888 523 χερσαίους

293 534 385 593 καὶ
417 535 705 611 λιμναίους
745 534 801 593 ἔν
840 560 902 593 τε
944 532 1215 609 οἰκήμασι
1247 532 1340 591 καὶ
1365 530 1644 601 λάκκοισι,
1675 538 1728 595 ἐς
1753 532 1887 594 ὑπο-

294 620 464 701 δοχοὶς
483 625 583 682 τοῦ
610 624 877 699 στρατοῦ·
915 624 1081 680 τοῦτο
1110 620 1186 690 δὲ,
1201 618 1418 698 χρύσεά
1439 645 1502 679 τε
1529 621 1622 677 καὶ
1645 619 1888 701 ἀργύρεα

291 708 531 786 ποτήριά
573 734 636 769 τε
680 710 771 768 καὶ
815 712 1091 786 κρητῆρας
1135 712 1432 780 ἐποιεῦντο,
1481 707 1572 765 καὶ
1617 707 1688 767 vd
1735 707 1887 767 ἄλλα

295 795 408 857 ὅσα
451 799 541 857 ἐπὶ
588 798 865 875 τράπεζαν
905 797 1154 859 τιθέαται
1195 796 1390 856 πάντα.
1459 799 1636 855 ταῦτα
1674 799 1777 872 μὲν
1818 796 1886 873 δή

294 884 439 964 αὐτῷ
473 911 536 945 τε
570 886 814 963 βασιλέϊ
847 886 939 944 καὶ
977 888 1131 945 τοῖσι
1172 883 1497 961 ὁμοσίτοισι
1534 882 1654 959 μετ’
1682 884 1888 943 ἐκείνου

296 975 610 1049 ἐπεποίητο,
637 979 709 1053 τῇ
745 973 805 1033 δὲ
830 972 981 1052 ἄλλῃ
1009 976 1248 1050 στρατιῇ
1271 971 1343 1030 τοὶ
1371 976 1425 1034 ἐς
1453 971 1684 1048 φορβὴν
1708 976 1890 1047 μοῦνα

293 1060 635 1138 τασσόμενα.
722 1061 859 1123 ὅκως
906 1061 965 1119 δὲ
1012 1059 1269 1119 ἀπίκοιτο
1315 1058 1354 1135 ἦ
1402 1058 1657 1135 στρατιὴ,
1708 1059 1886 1135 σκηνὴ

294 1150 399 1223 μὲν
441 1149 571 1206 ἔσκε
616 1152 899 1227 πεπηγυῖα
947 1148 1138 1223 ἑτοίμη
1185 1152 1240 1209 ἐς
1285 1147 1388 1222 τὴν
1430 1146 1595 1209 αὐτὸς
1634 1146 1890 1223 σταθμὸν

296 1236 619 1294 ποιεέσκετο
646 1235 873 1311 Ξέρξης·
915 1234 953 1311 ἦ
994 1234 1053 1294 δὲ
1097 1234 1251 1311 ἄλλη
1289 1234 1525 1310 στρατιὴ
1563 1236 1691 1293 ἔσκε
1730 1234 1889 1294 ὖπαί-

297 1322 468 1399 θριος·
513 1321 582 1384 ὥς
620 1322 678 1381 δὲ
715 1316 936 1383 δείπνου
971 1324 1182 1403 γίνοιτο
1226 1321 1356 1400 ὥρη,
1385 1326 1438 1381 οἱ
1467 1325 1571 1399 μὲν
1609 1322 1890 1397 δεκόμενοι

301 1409 535 1488 ἔχεσκον
574 1410 763 1470 πόνον·
806 1413 859 1469 οἱ
886 1411 961 1481 δὲ,
991 1409 1127 1474 ὅκως
1155 1410 1501 1486 πλησθέντες
1526 1410 1693 1469 νύκτα
1719 1409 1890 1469 αὐτοῦ

297 1496 574 1577 ἀγάγοιεν,
604 1502 676 1577 τῇ
701 1498 967 1577 ὖστεραίῃ
993 1498 1097 1574 τήν
1126 1525 1190 1558 τε
1226 1498 1441 1574 σκηνὴν
1465 1497 1890 1561 ἀνασπάσαντες

298 1585 390 1644 καὶ
414 1584 486 1645 τά
511 1587 721 1645 ἔπιπλα
747 1586 929 1647 πάντα
956 1586 1250 1663 λαβόντες,
1284 1585 1424 1645 οὕτω
1457 1584 1884 1659 ἀπελαύνεσκον,

207 1675 321 1732 120
338 1673 623 1737 λείποντες
650 1674 823 1754 οὐδὲν,
855 1674 1007 1734 οἷλλοῖ
1050 1673 1368 1752 φερόμενοι·
1398 1673 1578 1733 Ἔνθα
1606 1673 1672 1748 δή
1701 1680 1888 1755 Μεγα-

299 1763 553 1839 κρέοντος
572 1762 768 1840 οἶνδρός
792 1764 1136 1840 Ἀβδηρίτεω
1164 1765 1294 1826 ἔπος
1321 1761 1380 1822 εὖ
1408 1763 1692 1839 εἰρημένον
1719 1764 1890 1844 ἐγένε-

295 1875 378 1919 το,
408 1850 469 1914 ὃς
504 1852 924 1927 συνεβούλευσε
962 1851 1354 1928 Ἀβδηρίτῃσι,
1383 1851 1655 1925 πανδημεὶ
1694 1849 1892 1913 αὐτοῦς

299 1939 391 1996 καὶ
430 1942 691 2018 γυναῖκας
732 1938 996 2001 ἐλθόντας
1038 1943 1092 2000 ἐς
1130 1937 1204 1997 ταῖ
1246 1938 1496 2016 σφέτερα
1539 1937 1644 2014 ἱρσῖ,
1679 1938 1892 2008 ἵζεσθαι

300 2026 480 2087 ἱκέτας
504 2029 614 2085 τῶν
654 2026 807 2098 θεῶν,
837 2017 1302 2102 παραιτεομένους
1329 2025 1421 2084 καὶ
1445 2025 1512 2085 τό
1538 2025 1741 2084 λοιπόν
1780 2032 1893 2100 σφι

298 2111 605 2187 ἀπαμύνειν
639 2116 749 2172 τῶν
785 2111 1047 2173 ἐπιόντων
1084 2117 1265 2172 κακῶν
1304 2114 1375 2172 vd
1414 2112 1642 2190 ἡμίσεα·
1684 2115 1793 2172 τῶν
1830 2138 1893 2172 τε

298 2199 716 2277 παροιχομένων
755 2200 899 2278 ἔχειν
941 2206 1053 2275 σφι
1090 2199 1345 2281 μεγάλην
1383 2200 1564 2279 χάριν,
1591 2199 1678 2260 ὅτι
1715 2202 1892 2277 βασι-

299 2285 428 2348 λεῦς
464 2286 674 2363 Ξέρξης
713 2286 777 2346 οὗ
817 2287 899 2350 δὶς
942 2286 1180 2362 ἑκάστης
1221 2287 1431 2365 ἡμέρης
1469 2287 1692 2364 ἐνόμισε
1731 2291 1894 2348 σῖτον

299 2373 611 2450 αἱρέεσθαι·
665 2375 929 2454 παρέχειν
969 2374 1081 2456 γὰρ
1137 2373 1207 2434 ἂν
1253 2374 1644 2453 Ἀβδηρίτῃσι,
1702 2379 1749 2434 εἷ
1803 2377 1895 2435 καὶ

298 2459 531 2536 ἄριστον
569 2463 865 2538 προείρητο
905 2462 1073 2539 ὁμοῖα
1098 2466 1177 2541 τῷ
1202 2463 1398 2542 δείπνῳ
1439 2462 1894 2540 παρασκευάζειν,

299 2545 337 2622 ἦ
383 2548 464 2624 μή
511 2547 804 2625 ὑπομένειν
846 2550 1057 2627 Ξέρξεα
1100 2549 1341 2621 ἐπιόντα,
1383 2549 1420 2626 ἢ
1465 2551 1896 2627 καταμείναντας

299 2634 537 2696 κάκιστα
576 2635 795 2697 πάντων
826 2635 1125 2714 ἀνθρώπων
1163 2639 1536 2715 διατριβῆναι.
1619 2641 1673 2698 οἶ
1697 2640 1801 2714 μὲν
1827 2637 1896 2713 δή

300 2724 613 2801 πιεζόμενοι
652 2723 854 2801 ὁμοίως
890 2724 957 2784 τὸ
1000 2725 1449 2803 ἐπιτασσόμενον
1489 2726 1795 2785 ἐπετέλεον.

207 2811 315 2869 121
422 2813 631 2889 Ξέρξης
671 2813 729 2870 δὲ
771 2818 831 2872 ἐκ
869 2817 969 2888 τῆς
992 2811 1284 2884 Ἀκάνθου,
1327 2813 1707 2890 ἐντειλάμενος
1744 2816 1897 2873 τοῖσι

299 2904 673 2980 στρατηγοῖσι
697 2926 797 2960 τον
822 2899 1077 2960 ναυτικόν
1104 2901 1350 2977 στρατὸν
1374 2901 1667 2978 ὖπομένειν
1686 2905 1747 2961 ἐν
1761 2901 1898 2977 Θέρ-

300 3010 398 3064 μῃ,
425 2985 607 3098 οἷπ-ηκε
632 2985 727 3046 ἀπ’
756 2991 954 3048 ἑωυτοῦ
994 2987 1334 3065 πορεύεσθαι
1369 3014 1471 3051 τας
1498 3014 1640 3051 νεας·
1683 2989 1898 3066 (Θέρμῃ

302 3071 362 3131 δὲ
392 3077 465 3151 τῇ
508 3079 565 3134 ἐν
605 3079 683 3153 τῷ
707 3076 963 3155 Θερμαίω
1001 3074 1194 3154 κόλπω
1221 3077 1501 3153 οἰκημένῃ,
1531 3074 1626 3134 ἀπ’
1653 3073 1721 3150 ἧς
1747 3076 1839 3132 καὶ
1865 3074 1897 3133 ὅ

301 3158 511 3224 κόλπος
538 3160 699 3227 οὗτος
721 3162 825 3239 τὴν
852 3163 1162 3240 ἐπωνυμίην
1203 3163 1362 3244 ἔχεν)
1402 3161 1578 3240 ταύτῃ
1603 3161 1712 3241 γὰρ
1741 3166 1900 3219 ε’πυν-

305 3245 499 3306 θάνετο
531 3250 958 3323 συντομώτατον
990 3250 1148 3311 εἶναι.
1227 3253 1396 3329 μέχρι
1434 3252 1540 3325 μὲν
1566 3247 1678 3328 γσὶρ
1703 3245 1897 3306 Ἀκάν-
