2259 3500
310 118 406 168 224
909 110 1277 162 ἨΡΟΔΟΤΟΤ
1572 162 1577 167 ,
1730 110 1920 175 [VIII⁴

319 187 722 273 οἷπονοστήσει·
765 191 908 253 οὕτω
949 188 1193 249 ἀσθενέα
1232 194 1346 265 σφι
1385 191 1644 266 ἐφαίνετο
1679 190 1819 251 εἶναι
1852 193 1925 255 τοὶ

316 287 428 345 τῶν
457 280 750 357 Ἑλλήνων
784 280 1108 361 πρήγματα·
1152 278 1345 339 ὅσοισι
1380 277 1439 337 δὲ
1475 277 1568 336 καὶ
1598 277 1925 355 ἡδομένοισι

315 369 386 447 ἣν
435 369 504 431 τὸ
557 367 866 451 γινόμενον,
919 366 1173 445 ἅμιλλαν
1232 370 1513 427 ἐποιεῦντο
1568 364 1705 428 ὅκως
1759 367 1925 435 αὐτὸς

319 460 552 521 ἔκαστος
591 461 809 533 πρῶτος
839 455 937 516 νέα
975 454 1237 530 Ἀττικὴν
1268 454 1409 513 ἐλῶν
1449 452 1604 531 παρὰ
1644 456 1925 530 βασιλέος

317 546 465 622 δῶρα
505 542 810 622 λάμψεται·
879 541 1187 619 Ἀθηναίων
1224 540 1335 623 γσῖρ
1376 541 1599 601 αὐτοῖσι
1641 542 1815 623 λόγος
1853 542 1923 619 ἣν

224 633 294 692 11
317 637 588 695 πλεῖστος
614 629 721 691 α’να
745 631 816 691 τοὶ
843 630 1218 708 στρατόπεδα.
1300 633 1465 689 Τοῖσι
1493 629 1552 687 δὲ
1569 627 1825 705 Ελλησι
1852 658 1923 697 ως

317 720 586 800 ἐσήμῃνε,
616 723 812 798 πρῶτα
847 721 966 797 μὲν,
1007 716 1342 795 ἀντίπρωροι
1376 720 1530 777 τοῖσι
1562 716 1921 795 βαρβάροισι

314 808 601 890 γενόμενοι
656 813 712 871 ἐς
761 806 828 867 τὸ
881 807 1062 885 μέσον
1112 832 1216 869 τας
1273 805 1523 882 πρύμνας
1577 804 1919 887 συνήγαγον·

314 896 538 974 δεύτερα
567 896 626 955 δὲ
663 894 1032 974 σημήναντος,
1061 894 1225 974 ἔργου
1267 894 1501 973 εἴχοντο,
1530 896 1589 953 ἐν
1614 892 1787 973 ὄλίγω
1814 920 1919 972 περ

313 982 782 1061 ἀπολαμφθέντες
802 982 895 1040 καὶ
913 981 1054 1041 κατὰ
1082 980 1289 1058 στόμα.
1362 981 1597 1041 ἐνθαῦτα
1622 980 1919 1058 τριήκοντα

314 1072 439 1134 νέας
481 1072 732 1149 αἱρέουσι
782 1074 892 1130 τῶν
931 1067 1243 1145 βαρβάρων
1287 1068 1379 1127 καὶ
1418 1066 1519 1128 τᾶν
1559 1068 1777 1149 Γόργου
1816 1075 1917 1131 τοῦ

315 1158 670 1236 Σαλαμινίων
703 1157 982 1233 βασιλέος
1021 1155 1319 1231 ἀδελφεὰν,
1350 1155 1601 1215 Φιλάονα
1634 1155 1735 1215 τὸν
1775 1158 1916 1234 Χέρ-

316 1270 455 1315 σιος,
522 1244 762 1325 λόγιμον
829 1243 990 1304 ἐόντα
1059 1248 1119 1303 ἐν
1184 1248 1260 1322 τῷ
1312 1243 1671 1323 στρατοπέδῳ
1726 1243 1911 1321 ἄνδρα.

312 1336 531 1409 πρῶτος
571 1333 632 1392 δὲ
675 1330 965 1407 Ἑλλήνων
1005 1331 1106 1393 νέα
1143 1335 1253 1391 τῶν
1290 1332 1571 1408 πολεμίων
1617 1332 1734 1391 εἷλε
1766 1331 1915 1411 ἲίνήρ,

311 1418 606 1497 Ἀθηναῖος
655 1418 987 1497 Λυκομήδης
1031 1418 1333 1498 Αἰσχρέου,
1384 1418 1476 1477 καὶ
1514 1418 1582 1479 τὸ
1623 1418 1914 1496 οἷριστήῖον

315 1508 493 1585 ὃαβε
519 1508 697 1572 οὗτος.
777 1506 908 1571 τσῦς
935 1506 980 1565 δ’
1009 1511 1068 1567 ἐν
1091 1511 1167 1585 τῇ
1186 1506 1463 1585 ναυμαχίῃ
1491 1504 1663 1583 ταύτῃ
1692 1510 1913 1585 ἑτεραλ-

312 1597 456 1669 κέως,
479 1596 911 1677 ἀγωνιζομένοἮ
945 1595 1048 1665 νῦξ
1087 1595 1408 1655 ἐπελθοῦσα
1435 1594 1679 1653 διέλυσε*
1721 1598 1775 1654 οἱ
1809 1598 1913 1671 μὲν

311 1683 380 1761 δὴ
413 1682 692 1762 Ἕλληνες
733 1684 826 1744 ἐπὶ
862 1682 929 1743 τό
979 1682 1340 1766 Ἀρτεμίσιον
1387 1680 1702 1752 οἶπέπλωον,
1760 1687 1813 1744 οἱ
1852 1683 1912 1745 δὲ

307 1773 602 1852 βάρβαροι
627 1778 683 1837 ἐς
707 1772 810 1836 τοὶς
832 1772 1076 1848 Ἀφέτας
1101 1771 1324 1831 πολλόν
1349 1768 1503 1846 παραὶ
1532 1769 1697 1840 δόξαν
1718 1769 1911 1852 οἷγωνι-

309 1860 578 1938 σάμενοιω
633 1865 692 1920 ἐν
710 1860 882 1938 ταύτῃ
901 1862 973 1936 τῇ
1001 1857 1282 1936 ναυμαχίῃ
1300 1855 1625 1933 Ἀντίδωρος
1643 1858 1909 1935 Λήμνιος,

307 1951 514 2025 μοῦνος
536 1950 646 2008 τῶν
665 1947 772 2006 σῦν
785 1946 1027 2022 βασιλέϊ
1039 1944 1329 2020 Ἑλλήνων
1350 1944 1563 2014 ἐόντων,
1582 1943 1910 2024 αὐτομολέει

308 2040 367 2098 ἐς
416 2036 544 2099 τοῦς
573 2035 881 2110 Ἕλληνας·
951 2031 1043 2091 καὶ
1084 2034 1140 2090 οἱ
1178 2030 1465 2107 Ἀθηναῖοι
1506 2031 1596 2091 δισῖ
1636 2038 1801 2094 τοῦτο
1841 2035 1907 2096 τό

253 2149 265 2160 ·
303 2123 470 2203 ’ἔργον
497 2123 700 2182 ἔδοσαν
725 2119 870 2199 αὐτῷ
893 2123 1077 2199 χῶρον
1104 2124 1163 2178 ἐν
1191 2119 1491 2195 Σαλαμῖνι.

218 2211 290 2268 12
389 2207 488 2273 Ὡς
521 2209 582 2268 δὲ
616 2207 860 2285 ευφρόνη
897 2206 1161 2288 ἐγεγόνεε,
1190 2205 1261 2282 ἦν
1284 2208 1387 2283 μὲν
1420 2209 1521 2281 τῆς
1554 2206 1695 2316 ὥρης
1727 2236 1909 2287 μεσον

308 2297 482 2373 θέρος,
520 2296 735 2377 ἐγίνετο
775 2295 837 2354 δε
875 2294 1016 2370 υδωρ
1056 2320 1118 2354 τε
1160 2291 1405 2354 απλετον
1446 2293 1539 2353 διαὶ
1578 2295 1768 2373 πάσης
1808 2303 1908 2374 τῆς

306 2384 500 2448 νυκτός
536 2383 627 2443 καὶ
663 2381 908 2458 σκληραὶ
932 2382 1173 2459 βρονταὶ
1205 2380 1316 2442 οἷπο
1352 2385 1454 2442 τοῦ
1481 2383 1724 2458 Πηλίου·
1768 2389 1823 2448 οἱ
1849 2387 1908 2446 δὲ

305 2471 490 2549 νεκροὶ
520 2470 614 2529 καὶ
645 2470 718 2530 τοὶ
751 2469 984 2550 ναυήγια
1021 2469 1383 2546 ἐξεφορέοντο
1422 2474 1477 2531 ἐς
1512 2468 1612 2532 τοὶς
1645 2469 1903 2548 Ἀφέτας,

306 2559 399 2618 καὶ
449 2558 583 2636 περί
627 2583 690 2618 τε
741 2559 840 2621 τοὶς
891 2556 1114 2634 πρώρας
1166 2560 1277 2617 τῶν
1322 2560 1457 2617 νεῶν
1512 2558 1757 2620 εἱλέοντο
1812 2563 1907 2621 καὶ

305 2647 623 2725 ἐτάρασσον
651 2645 782 2710 τούς
813 2645 1058 2722 ταρσοῦς
1087 2647 1198 2705 τῶν
1223 2643 1463 2704 κωπέων.
1548 2647 1602 2704 οἶ
1639 2646 1698 2706 δὲ
1734 2674 1905 2726 στρα-

302 2738 493 2796 τιῶται
533 2739 588 2794 οἱ
624 2734 798 2814 ταύτῃ
853 2731 1145 2794 ἀκούοντες
1196 2735 1372 2792 ταῦτα
1412 2735 1468 2796 ἐς
1510 2733 1702 2812 φόβον
1756 2761 1903 2798 κατι-

304 2824 526 2893 στέατο,
565 2823 880 2893 ἐλπίζοντες
914 2819 1106 2901 πάγχυ
1144 2819 1507 2890 ἀπολέεσθαι,
1545 2825 1602 2884 ἐς
1635 2822 1727 2882 οἶα
1761 2825 1905 2885 κακὰ

297 2909 456 2987 ἧκον·
496 2910 628 2988 πρὶν
662 2936 774 2991 γαρ
805 2908 843 2986 ἢ
882 2909 978 2969 καὶ
1013 2906 1366 2968 ἀναπνεῦσαι
1397 2911 1644 2983 σφεαςῪ
1615 2935 1675 2968 εκ
1714 2935 1778 2970 τε
1802 2916 1903 2988 τῆς

301 2998 565 3080 ναυηγίης
617 2999 708 3057 καὶ
769 3023 869 3058 του
919 3000 1192 3075 χειμῶνος
1247 2999 1348 3054 τοῦ
1408 2997 1709 3075 γενομένου
1761 3000 1903 3060 κατὰ

301 3086 542 3163 Πήλιον,
594 3085 853 3162 υπέλαβε
905 3083 1185 3162 ναυμαχίη
1240 3081 1494 3158 καρτερή·
1579 3089 1639 3142 ἐκ
1693 3084 1754 3144 δὲ
1802 3092 1903 3162 τῆς

299 3173 624 3250 ναυμαχίης,
654 3171 872 3250 ομβρος
911 3197 974 3233 τε
1013 3170 1235 3246 λάβρος
1276 3169 1367 3228 καὶ
1406 3168 1653 3246 ῥεύματα
1696 3175 1901 3252 ἰσχυρὰ

303 3262 357 3320 ἐς
395 3259 700 3319 θάλασσαν
739 3259 1052 3336 ωρμημένα,
1079 3257 1326 3334 βρονταί
1361 3281 1421 3315 τε
1459 3257 1725 3333 σκληραί.
1808 3261 1899 3318 καὶ
