2259 3500
352 118 445 165 140
964 116 1331 165 ‘HPOAotno'r
1787 117 1942 182 [v11.

349 182 474 256 ἐστι
520 197 792 264 Νίσαιαν·
846 194 977 257 τούς
1021 193 1095 255 ὧν
1136 193 1205 270 δή
1251 194 1452 257 ἵππους
1490 194 1622 259 τούς
1666 196 1949 277 μεγάλους

348 285 507 360 φέρει
532 283 597 343 τὸ
625 284 815 343 πεδίον
840 287 1021 343 τοῦτο.
1110 281 1324 345 ὄπισθε.
1342 284 1402 342 δὲ
1425 282 1633 343 τούτων
1665 288 1776 343 τῶν
1817 283 1948 344 δέκα

350 372 531 431 ἵππων
558 370 708 450 ἅρμα
737 371 874 433 Διὸς
902 370 1021 448 ἱρόν
1050 372 1394 439 ἐπετέτακτο,
1421 370 1486 431 τὸ
1515 372 1676 431 ἵπποι
1701 374 1804 447 μὲν
1836 372 1947 431 εἷλ-

350 486 446 519 κον
486 460 675 517 λευκοὶ
716 458 879 519 ὀκτώ·
924 457 1127 518 ὄπισθε
1157 459 1216 517 δὲ
1242 463 1350 519 τῶν
1379 460 1560 519 ἵππων
1588 460 1772 519 εἵπετο
1805 461 1946 539 πεζῇ

343 546 585 626 ἡνίοχος,
624 548 885 626 ἐχόμενος
926 550 1039 607 τῶν
1079 550 1342 625 χαλινῶν·
1387 546 1562 609 οὐδεὶς
1597 546 1706 627 γσῖρ
1750 547 1818 623 δή
1855 548 1946 607 ἐπὶ

345 639 543 695 τοῦτον
580 634 679 695 τόν
722 634 919 711 θρόνον
960 633 1262 711 ἀνθρώπων
1303 633 1610 709 οἷναβαίνει·
1651 634 1852 694 τούτου
1887 636 1946 694 δὲ

345 722 577 811 {arcaea
620 721 783 786 αὕτὸς
808 724 1020 799 ’Ξέρξης
1062 722 1146 781 ἐπ’
1173 720 1420 799 ἅρματος
1462 722 1644 781 ἵππων
1669 724 1942 783 Νισαίων·

344 813 717 888 παραβέβηκε
760 810 821 869 δέ
862 814 914 869 οἱ
940 810 1180 889 ἡνίοχος,
1209 815 1286 887 τῷ
1314 809 1524 887 οὔνομα
1557 810 1626 885 ἦν
1655 810 1944 887 Πατιράμ-

249 899 320 958 41
340 905 469 975 φης,
500 898 741 959 Ὀτάνεω
782 902 914 961 παῖς
956 898 1151 975 ἀνδρός
1179 898 1434 975 Πέρσεω.
1517 896 1802 973 Ἐξήλασε
1840 902 1944 971 μὲν

344 980 485 1048 οὕτω
527 994 587 1046 ε’κ
634 988 881 1063 Σαρδίων
924 987 1153 1063 Ξέρξης·
1207 986 1643 1063 μετεκβαίνεσκε
1683 986 1757 1055 δὲ,
1807 986 1945 1051 ὅκως

340 1100 438 1152 μιν
480 1074 655 1155 λόγος
702 1076 891 1151 αἱρέοι,
943 1080 1001 1132 ἐκ
1047 1078 1147 1133 τοῦ
1197 1073 1442 1151 ἅρματος
1488 1079 1542 1137 ἐς
1587 1072 1941 1151 ἁρμάμαξαν.

343 1160 512 1222 αὐτοῦ
554 1164 614 1220 δὲ
654 1162 888 1222 ὄπισθεν
926 1161 1286 1240 αἰχμοφόροι,
1317 1162 1582 1239 Περσέων
1625 1164 1678 1221 οἱ
1719 1160 1949 1239 ἄριστοί

341 1275 404 1309 τε
431 1252 522 1309 καὶ
547 1249 941 1331 γενναιότατοι,
970 1251 1164 1327 χίλιοι,
1197 1249 1338 1308 κατσῖ
1382 1249 1554 1327 νόμον
1593 1250 1693 1313 τοὶς
1727 1250 1942 1331 λόγχας

343 1339 578 1417 ἔχοντες·
625 1337 768 1416 μετοῖ
816 1338 891 1407 δὲ,
942 1339 1109 1401 ἵππος
1157 1337 1310 1413 ἄλλη
1360 1339 1520 1415 χιλίη
1569 1344 1628 1397 ἐκ
1676 1341 1942 1416 Περσέων

343 1426 785 1509 ἀπολελεγμένη·
824 1426 986 1503 μετοῖ
1009 1425 1069 1485 δὲ
1108 1424 1214 1501 τὴν
1258 1426 1444 1495 ἵππον,
1476 1432 1534 1485 ἐκ
1578 1430 1688 1486 τῶν
1729 1430 1942 1487 λοιπῶν

344 1516 610 1592 Περσέων
656 1514 1097 1595 ἀπολελεγμένοι
1145 1514 1351 1590 μύριοι.
1437 1512 1596 1577 οὗτος
1648 1513 1811 1584 πεζός
1851 1514 1938 1589 ἦν·

346 1603 437 1660 καὶ
478 1602 685 1663 τούτων
724 1603 901 1681 χίλιοι
942 1604 1045 1679 μὲν
1088 1603 1186 1673 ε’πὶ,
1225 1607 1378 1662 τοῖσι
1425 1600 1626 1679 δόρασι
1669 1600 1790 1661 α’,ντὶ
1831 1607 1941 1662 τῶν

344 1691 709 1770 σαυρωτήρων
751 1690 905 1769 ῥοιοὶς
952 1689 1103 1769 εἶχον
1157 1692 1418 1770 χρυσέας,
1463 1689 1554 1748 καὶ
1595 1691 1760 1766 πέριξ
1811 1716 1938 1751 συν-

344 1780 566 1856 εκλήϊον
603 1779 732 1844 τούς
759 1778 988 1842 ἄλλους·
1034 1781 1087 1837 οἱ
1114 1779 1174 1836 δὲ
1201 1780 1590 1857 εἰνακισχίλιοι
1633 1779 1784 1840 ε’ντὸς
1817 1779 1938 1838 τού-

329 1894 449 1928 -των
478 1868 655 1931 ἐόντες
681 1867 949 1948 ἀργυρέας
973 1866 1127 1942 ῥοιὰς
1156 1867 1324 1945 εἶχον.
1410 1865 1586 1945 (εἶχον
1613 1866 1671 1925 δὲ
1697 1867 1940 1945 χρυσέας

340 1956 497 2032 ῥοιὰς
522 1957 614 2015 καὶ
642 1959 695 2014 οἱ
722 1959 795 2016 εἷς
821 1955 925 2029 τήν
958 1957 1068 2034 γῆν
1108 1955 1401 2030 τρέποντες
1439 1953 1541 2016 τὰς
1579 1953 1810 2034 λόγχας,
1848 1955 1939 2012 καὶ

338 2048 499 2120 μῆλα
538 2046 589 2102 οἱ
617 2042 865 2122 ἄγχιστα
902 2041 1160 2116 ἑπόμενοι
1187 2041 1410 2120 Ξέρξῃ.)
1491 2045 1645 2100 τοῖσι
1685 2041 1745 2099 δὲ
1783 2043 1938 2119 μυρί-

343 2156 461 2190 οισι
507 2131 833 2190 ἐπετέτακτο
880 2131 1048 2191 ἵππος
1095 2129 1362 2204 Περσέων
1415 2130 1602 2206 μυρίη.
1685 2128 1827 2205 μετοὶ
1881 2129 1939 2188 δὲ

340 2218 443 2294 τήν
482 2219 651 2278 ἵππον
694 2218 935 2276 διέλειπε
974 2217 1065 2274 καὶ
1102 2215 1198 2275 δύο
1239 2216 1516 2288 σταδίους,
1546 2216 1638 2275 καὶ
1679 2218 1866 2276 ἔπειτα
1907 2217 1938 2276 ὁ

340 2306 539 2368 λοιπός
578 2305 775 2383 ὅμιλος
814 2303 901 2380 ἤϊε
941 2304 1163 2381 ἀναμίξ.

243 2397 320 2453 42
420 2393 702 2453 Ἐποιέετο
745 2393 805 2451 δὲ
845 2392 949 2468 τὴν
984 2391 1113 2453 ὁδὸν
1151 2396 1210 2450 ἐκ
1243 2395 1344 2468 τῆς
1383 2391 1590 2467 Λυδίης
1633 2390 1664 2451 ὁ
1699 2391 1939 2468 στρατὸς

342 2482 437 2540 ε’πί
466 2508 528 2540 τε
562 2481 815 2558 ποταμὸν
857 2479 1071 2540 Κάῖκον
1112 2480 1206 2539 καὶ
1239 2483 1349 2560 γῆν
1385 2479 1491 2555 τήν
1531 2479 1781 2555 Μυσίην·
1824 2478 1937 2539 ἀπὸ

342 2569 399 2628 δὲ
426 2569 641 2628 Καΐκου
671 2567 1031 2646 ὁρμεῶμενος,
1061 2567 1251 2643 Κάνης
1292 2567 1420 2644 ὅρος
1447 2568 1586 2646 ἔχων
1627 2571 1684 2626 ἐν
1718 2565 1937 2642 οἶριστε-

336 2661 425 2737 ρῇ,
471 2657 562 2716 διὰ
604 2661 705 2717 τοῦ
742 2655 1038 2733 Ἀταρνέος
1087 2660 1142 2718 ἐς
1185 2656 1436 2732 Καρίνην
1478 2655 1666 2714 πόλιν·
1720 2654 1834 2714 α’.πὸ
1878 2655 1938 2713 δὲ

338 2745 540 2822 ταύτης
576 2745 667 2805 διὰ
697 2744 896 2820 Θήβης
931 2743 1121 2803 πεδίου
1164 2743 1473 2820 ἐπορεύετο,
1509 2741 1938 2821 Ἀτραμύττειόν

334 2860 398 2893 τε
439 2833 608 2895 πόλιν
645 2834 739 2908 καὶ
762 2831 1104 2909 Ἀντανδρον
1146 2831 1248 2908 τῆν
1292 2832 1628 2912 Πελασγίδα
1669 2856 1938 2908 παραμει-

340 2922 601 2999 βόμενος·
644 2921 746 2997 τήν
763 2921 918 2996 Ἴδην
944 2920 1003 2980 δὲ
1029 2920 1230 2997 λαβών
1263 2924 1318 2982 ἐς
1343 2918 1643 2997 ἀριστερὴν
1669 2918 1825 2997 χέρα,
1852 2916 1940 2993 ἤϊε

342 3015 397 3072 ἐς
420 3010 525 3086 τήν
548 3009 764 3069 Ἰλιάδα
804 3013 932 3090 γῆν.
1016 3009 1107 3066 καὶ
1138 3013 1330 3085 πρῶτα
1354 3009 1459 3084 μέν
1488 3011 1542 3066 οἳ
1569 3005 1678 3065 om?
1711 3009 1784 3084 τῇ
1814 3004 1938 3082 Ἴδῃ

340 3097 511 3168 νύκτα
542 3097 895 3175 ἀναμείναντι
924 3097 1169 3173 βρονταί
1195 3122 1256 3156 τε
1291 3096 1382 3154 καὶ
1406 3099 1726 3173 πρηστῆρες
1755 3099 1936 3152 ἐπεισ-

340 3186 627 3257 πίπτουσι,
684 3186 779 3244 καί
842 3211 967 3246 τινα
1022 3183 1189 3243 αὐτοῦ
1242 3183 1415 3261 ταύτῃ
1470 3180 1686 3260 συχνόν
1739 3179 1940 3256 ὅμιλον

250 3275 267 3296 ⁴
286 3276 315 3296 ⁰
349 3271 680 3350 διέφθειραν.
762 3273 1134 3350 Ἀπικομένου
1177 3273 1235 3331 δὲ
1276 3274 1376 3331 τοῦ
1420 3271 1665 3346 στρατοῦ
1711 3268 1803 3325 ε’πὶ
1837 3264 1940 3325 τᾶν
