2259 3500
338 120 630 192 ,los—108]
955 119 1333 170 ΚΑΛΛῙΟΠΗ.
1662 142 1675 160 .
1846 119 1936 167 331

345 199 704 276 ἐποιήσαντο,
751 201 916 260 πίστι
953 225 1016 258 τε
1067 196 1503 275 καταλαβόντες·
1538 198 1633 258 καὶ
1684 199 1942 276 ὁρκίοισι,

345 288 601 366 ἐμμένειν
625 314 688 347 τε
715 289 808 346 καὶ
832 286 914 363 μή
941 285 1399 362 ἀποστήσεσθαι·
1438 286 1669 350 τούτους
1694 287 1754 346 δὲ
1780 313 1945 345 κατα-

346 377 624 452 λαβόντες
661 375 919 451 ὁρκίοισι,
976 375 1178 435 ἔπλεον
1222 375 1322 437 τὰς
1366 373 1613 455 γεφύρας
1659 373 1946 438 λύσοντες·

347 466 428 524 ἔτι
471 464 582 544 γὰρ
637 463 855 523 ἐδόκεον
895 463 1252 538 ἐντεταμένας
1300 460 1573 539 εὑρήσειν.
1656 459 1808 522 οὗτοι
1845 464 1950 539 μὲν

348 552 416 628 δή
443 551 526 610 ἐπ’
552 550 986 627 Ἑλλησπόντου
1011 551 1231 610 ἔπλεον.

427 642 550 700 Τῶν
587 639 646 698 δὲ
677 638 1082 719 ἀποφυγόντων
1117 637 1430 714 βαρβάρων
1462 641 1519 700 ἐς
1554 637 1627 698 τοὶ
1666 637 1807 715 ἄκρα
1846 664 1907 697 τε
1928 638 2039 699 107

347 731 449 802 τῆς
501 727 778 802 Μυκάλης
831 726 1281 801 κατειληθέντων,
1330 724 1529 785 ἐόντων
1582 725 1647 784 οὗ
1698 730 1946 795 πολλῶν,

351 814 560 894 ἐγίνετο
587 813 786 891 κομιδὴ
813 819 868 876 ἐς
905 812 1122 890 Σάρδις·
1165 814 1545 889 πορευομένων
1572 813 1645 882 δὲ,
1674 811 1790 872 κατ’
1818 812 1949 872 ὁδὸν

351 902 660 976 Μασίστης
685 900 717 959 ὁ
747 902 988 978 Δαρείου
1025 899 1358 978 παρατυχών
1384 903 1461 978 τῷ
1488 899 1655 960 πάθεϊ
1689 903 1765 979 τῷ
1788 925 1948 981 γεγο-

351 986 470 1048 νότι
504 988 602 1048 τόν
637 987 957 1068 στρατηγόν
991 987 1332 1065 Ἀρταΰντην
1364 989 1521 1068 ἔλεγε
1550 987 1745 1047 πολλά
1768 1015 1829 1047 τε
1857 987 1951 1046 καὶ

351 1075 512 1145 κακαῖ,
541 1074 696 1135 ἄλλα
735 1102 797 1136 τε
837 1077 930 1135 καὶ
960 1074 1218 1156 γυναικὸς
1258 1076 1427 1134 κακίω
1462 1075 1575 1151 φὰς
1616 1074 1784 1136 ank-<311
1812 1075 1950 1135 εἶναι

349 1167 580 1224 τοιαῦτα
641 1162 1130 1244 στρατηγήσαντα,
1188 1163 1281 1221 καὶ
1342 1161 1497 1232 ἄξιον
1554 1163 1692 1224 εἶναι
1745 1163 1951 1226 παντός

353 1255 523 1310 κακοῦ
549 1251 648 1312 τὸν
667 1253 946 1328 βασιλέος
973 1250 1126 1312 οἶκον
1148 1249 1497 1310 κακώσαντα·
1532 1250 1686 1329 παραὶ
1712 1251 1773 1310 δὲ
1796 1255 1951 1311 τοῖσι

354 1339 620 1418 Πέρσῃσι
665 1337 922 1420 γυναικός
975 1339 1145 1397 κακίω
1184 1337 1423 1396 οἰκοῦσαι
1463 1339 1647 1401 δέννος
1684 1338 1953 1446 μέγιστός

354 1431 496 1486 ἐστι·
549 1425 582 1485 ὁ
625 1426 699 1494 δὲ,
745 1428 864 1486 ἐπεὶ
911 1425 1105 1486 πολλα
1147 1422 1370 1500 ἤκουσε,
1420 1424 1567 1484 δεινα
1610 1425 1949 1531 ποιεύμενος,

355 1517 571 1573 σπᾶται
597 1513 690 1573 ἐπὶ
721 1513 820 1573 τὸν
855 1513 1166 1588 Μασίστην
1190 1509 1290 1572 τόν
1326 1510 1603 1582 ἀκινάκεα,
1632 1511 1952 1572 ἀποκτεῖναι

356 1599 553 1660 θέλων·
615 1602 711 1659 καί
745 1626 843 1677 μιν
884 1602 1173 1661 ἐπιθέοντα
1222 1599 1585 1676 φρασθεὶς”“’
1540 1598 1889 1692 βειναγόρης
1916 1599 1948 1660 ὅ

357 1688 671 1766 Πρηξίλεω,
735 1687 874 1766 ἀνὴρ
927 1687 1425 1766 Ἀλικαρνησσεῦς,
1486 1685 1689 1746 ὄπισθε
1753 1686 1953 1751 ἑστεως

357 1776 526 1836 αὐτοῦ
557 1776 914 1853 Ἀρταυντεω,
958 1776 1191 1854 αρπάζει
1225 1775 1421 1854 μέσον,
1458 1775 1549 1834 καὶ
1574 1774 1771 1854 ἐξάρας
1801 1776 1951 1834 παίει

359 1868 414 1927 ἐς
444 1864 548 1939 τήν
580 1868 706 1944 γῆν·
762 1865 854 1923 καὶ
895 1869 954 1924 ἐν
990 1864 1167 1944 τούτῳ
1207 1867 1261 1923 οἱ
1299 1862 1603 1939 δορυφόροι
1641 1863 1953 1922 Μασίστεω

357 1952 736 2029 προέστησαν·
825 1952 857 2012 ὅ
911 1952 970 2011 δὲ
1019 1950 1357 2033 Ξειναγόρης
1417 1954 1592 2011 ταῦτα
1654 1950 1951 2031 ἐργάσατο,

357 2039 562 2118 χάριτα
623 2040 770 2119 αὐτῷ
820 2066 883 2101 τε
935 2041 1215 2117 Μασίστῃ
1274 2039 1556 2117 τιθέμενος
1608 2038 1701 2097 καὶ
1752 2037 1949 2117 Ξέρξῃ,

360 2130 612 2199 ἐκσώζων
636 2127 738 2188 τᾶν
763 2127 1042 2203 άὸελφεὸν
1066 2126 1165 2187 τόν
1191 2128 1417 2187 ἐκείνου·
1460 2127 1553 2185 καὶ
1578 2126 1671 2195 διὰ
1693 2130 1859 2186 τοῦτο
1885 2125 1953 2185 τό

361 2214 520 2295 ἔργον
555 2214 894 2294 ’Ξειναγόρης
931 2215 1193 2287 Κιλικίης
1230 2214 1417 2289 πάσης
1450 2213 1599 2291 ἦρξε,
1630 2213 1819 2278 δόντος
1844 2215 1953 2291 βα-

361 2304 569 2362 σιλέος·
637 2303 747 2359 τῶν
789 2300 848 2359 δὲ
892 2299 1009 2359 κατ’
1057 2299 1189 2359 ὁδὸν
1234 2303 1630 2378 πορευομένων,
1678 2300 1835 2361 οὐδὲν
1874 2302 1956 2362 ἔτι

359 2387 537 2447 πλέον
577 2388 793 2467 ἐγένετο
831 2386 1054 2455 τούτων,
1091 2384 1222 2444 αλλ’
1260 2385 1611 2448 απικνέονται
1647 2393 1701 2451 ἐς
1734 2388 1953 2465 Σάρδις·

361 2478 420 2533 ἐν
439 2474 500 2533 δὲ
523 2477 659 2551 τῇσι
681 2473 969 2551 Σάρδισι’
943 2498 1210 2553 ετυγχανε
1232 2473 1333 2532 ἐων
1349 2475 1643 2550 βασιλευς,
1662 2474 1774 2543 ἐξ’
1748 2478 1955 2535 εκείνου

359 2564 464 2620 τοῦ
505 2560 711 2640 χρόνου
758 2562 883 2621 ἐπεί
915 2586 977 2621 τε
1024 2562 1086 2631 ἐξ
1117 2560 1411 2636 Ἀθηνέων,
1448 2562 1846 2638 προσπταίσας
1885 2566 1957 2640 τῇ

363 2648 658 2727 ναυμαχίῃ,
685 2649 880 2731 φυγων
903 2648 1151 2708 ἀπίκετο.

442 2734 581 2797 Τότε
608 2738 668 2796 δὲ
693 2742 753 2797 ἐν
776 2741 914 2815 τῇσι
940 2735 1177 2813 Σάρδισι
1204 2734 1307 2795 ἐῶν
1332 2734 1441 2814 ἄρα
1464 2734 1576 2813 ἤρα
1599 2738 1701 2811 τῆς
1724 2735 1915 2794 Μασί-
1938 2737 2049 2796 108

363 2849 510 2885 στεω
531 2824 806 2905 γυναικός,
835 2822 1034 2899 ἐούσης
1065 2823 1159 2882 καὶ
1192 2822 1394 2899 ταύτης
1426 2824 1679 2884 ἐνθαῦτα·
1722 2822 1792 2886 ὥς
1818 2822 1881 2881 δέ
1904 2825 1959 2882 οἶ

362 2912 794 2989 προσπέμποντι
855 2909 954 2970 οὐκ
1021 2909 1247 2970 ἐδύνατο
1311 2910 1773 2990 κατεργασθῆναι,
1832 2908 1959 2969 οὐδὲ

361 2999 500 3076 βίην
533 3000 874 3078 προσέφερε,
899 2996 1353 3075 προμηθεόμενος
1386 2996 1485 3056 τὰν
1520 2996 1800 3072 ἀδελφεὰν
1832 3002 1961 3055 Μα-

363 3089 591 3165 σίστην·
630 3086 810 3149 τωυτό
856 3088 917 3145 δὲ
961 3089 1130 3145 τοῦτο
1183 3084 1301 3163 εἶχε
1342 3083 1435 3141 καὶ
1467 3108 1572 3158 την
1604 3087 1857 3164 γυναῖκα·
1900 3083 1961 3143 εὖ

362 3203 498 3289 γαρ
499 3178 770 3237 ἐπίστατο
794 3175 930 3252 βίης
955 3199 1020 3233 ου
1004 3171 1365 3251 ’τευξομένψ
1401 3170 1637 3229 ἐνθαῦτα
1664 3170 1731 3246 δή
1751 3170 1963 3248 Ξέρξης

365 3265 662 3347 ἐργόμενος
685 3268 796 3326 τῶν
821 3262 1030 3331 αλλων,
1057 3284 1309 3338 πρησσει
1332 3256 1432 3318 τόν
1456 3256 1641 3338 γάμον
1663 3261 1863 3319 τοῦτον
1886 3262 1965 3335 τῷ
