<?xml version="1.0" encoding="UTF-8"?>
<!DOCTYPE html PUBLIC "-//W3C//DTD XHTML 1.0 Transitional//EN"
    "http://www.w3.org/TR/xhtml1/DTD/xhtml1-transitional.dtd">
<html xmlns="http://www.w3.org/1999/xhtml" xml:lang="en" lang="en">
 <head>
  <title>
</title>
<meta http-equiv="Content-Type" content="text/html;charset=utf-8" />
  <meta name='ocr-system' content='tesseract 3.04.00' />
  <meta name='ocr-capabilities' content='ocr_page ocr_carea ocr_par ocr_line ocrx_word'/>
</head>
<body>
  <div class='ocr_page' id='page_1' title='image "./herodotus18herogoog_0247.png"; bbox 0 0 2259 3500; ppageno 0'>
   <div class='ocr_carea' id='block_1_1' title="bbox 303 123 2085 3352">
    <p class='ocr_par' dir='ltr' id='par_1_1' title="bbox 333 123 1981 893">
     <span class='ocr_line' id='line_1_1' title="bbox 333 123 1973 189; baseline 0.001 -17"><span class='ocrx_word' id='word_1_1' title='bbox 333 152 347 183; x_wconf 78' lang='grc'>,</span> <span class='ocrx_word' id='word_1_2' title='bbox 377 124 594 189; x_wconf 79' lang='lat'>51—56]</span> <span class='ocrx_word' id='word_1_3' title='bbox 1047 123 1355 185; x_wconf 63' lang='lat' dir='ltr'><strong>offmu.</strong></span> <span class='ocrx_word' id='word_1_4' title='bbox 1834 125 1973 173; x_wconf 77' lang='lat'>239</span> 
     </span>
     <span class='ocr_line' id='line_1_2' title="bbox 371 200 1979 285; baseline 0 -21"><span class='ocrx_word' id='word_1_5' title='bbox 371 204 480 280; x_wconf 76' lang='grc' dir='ltr'>τὴν</span> <span class='ocrx_word' id='word_1_6' title='bbox 503 209 563 265; x_wconf 92' lang='grc' dir='ltr'>ἐν</span> <span class='ocrx_word' id='word_1_7' title='bbox 585 207 660 283; x_wconf 78' lang='grc' dir='ltr'>τῇ</span> <span class='ocrx_word' id='word_1_8' title='bbox 683 202 892 283; x_wconf 79' lang='grc' dir='ltr'>ἦπείρω</span> <span class='ocrx_word' id='word_1_9' title='bbox 922 200 1257 285; x_wconf 70' lang='grc' dir='ltr'>γενέσθαι“</span> <span class='ocrx_word' id='word_1_10' title='bbox 1222 229 1333 263; x_wconf 88' lang='grc' dir='ltr'>υπο</span> <span class='ocrx_word' id='word_1_11' title='bbox 1368 202 1652 283; x_wconf 79' lang='grc' dir='ltr'>Πέρσῃσι·</span> <span class='ocrx_word' id='word_1_12' title='bbox 1690 201 1979 282; x_wconf 83' lang='grc' dir='ltr'>ἔμπροσθε</span> 
     </span>
     <span class='ocr_line' id='line_1_3' title="bbox 376 290 1979 370; baseline 0 -19"><span class='ocrx_word' id='word_1_13' title='bbox 376 290 452 351; x_wconf 76' lang='grc' dir='ltr'>ὧν</span> <span class='ocrx_word' id='word_1_14' title='bbox 480 292 594 369; x_wconf 81' lang='grc' dir='ltr'>πρό</span> <span class='ocrx_word' id='word_1_15' title='bbox 625 296 728 368; x_wconf 84' lang='grc' dir='ltr'>τῆς</span> <span class='ocrx_word' id='word_1_16' title='bbox 757 290 1131 370; x_wconf 69' lang='grc' dir='ltr'>ἅκροπόλιος,·</span> <span class='ocrx_word' id='word_1_17' title='bbox 1144 290 1351 351; x_wconf 81' lang='grc' dir='ltr'>ὄπισθε</span> <span class='ocrx_word' id='word_1_18' title='bbox 1382 290 1442 350; x_wconf 82' lang='grc' dir='ltr'>δὲ</span> <span class='ocrx_word' id='word_1_19' title='bbox 1480 317 1591 351; x_wconf 88' lang='grc' dir='ltr'>των</span> <span class='ocrx_word' id='word_1_20' title='bbox 1628 291 1849 351; x_wconf 91' lang='grc' dir='ltr'>πυλέων</span> <span class='ocrx_word' id='word_1_21' title='bbox 1884 292 1979 352; x_wconf 84' lang='grc' dir='ltr'>καὶ</span> 
     </span>
     <span class='ocr_line' id='line_1_4' title="bbox 373 377 1977 459; baseline 0 -18"><span class='ocrx_word' id='word_1_22' title='bbox 373 384 476 454; x_wconf 77' lang='grc' dir='ltr'>τῆς</span> <span class='ocrx_word' id='word_1_23' title='bbox 499 379 724 453; x_wconf 75' lang='grc' dir='ltr'>ἀνόδου,</span> <span class='ocrx_word' id='word_1_24' title='bbox 743 383 814 459; x_wconf 78' lang='grc' dir='ltr'>τῇ</span> <span class='ocrx_word' id='word_1_25' title='bbox 841 380 948 455; x_wconf 66' lang='grc' dir='ltr'>δὴ</span> <span class='ocrx_word' id='word_1_26' title='bbox 937 378 1062 439; x_wconf 80' lang='grc' dir='ltr'>οὔτε</span> <span class='ocrx_word' id='word_1_27' title='bbox 1087 405 1172 442; x_wconf 91' lang='grc' dir='ltr'>τις</span> <span class='ocrx_word' id='word_1_28' title='bbox 1199 378 1496 454; x_wconf 81' lang='grc' dir='ltr'>ἐφύλασσε</span> <span class='ocrx_word' id='word_1_29' title='bbox 1522 377 1635 439; x_wconf 76' lang='grc' dir='ltr'>οὔτ’</span> <span class='ocrx_word' id='word_1_30' title='bbox 1662 406 1731 439; x_wconf 91' lang='grc' dir='ltr'>αν</span> <span class='ocrx_word' id='word_1_31' title='bbox 1760 378 1977 456; x_wconf 75' lang='grc' dir='ltr'>ἤλπισε</span> 
     </span>
     <span class='ocr_line' id='line_1_5' title="bbox 375 465 1978 547; baseline 0 -22"><span class='ocrx_word' id='word_1_32' title='bbox 375 466 459 543; x_wconf 85' lang='grc' dir='ltr'>μή</span> <span class='ocrx_word' id='word_1_33' title='bbox 499 467 629 527; x_wconf 83' lang='grc' dir='ltr'>κοτέ</span> <span class='ocrx_word' id='word_1_34' title='bbox 665 474 756 530; x_wconf 77' lang='grc' dir='ltr'>τις</span> <span class='ocrx_word' id='word_1_35' title='bbox 781 468 922 528; x_wconf 71' lang='grc' dir='ltr'>κατὰ</span> <span class='ocrx_word' id='word_1_36' title='bbox 953 472 1131 527; x_wconf 82' lang='grc' dir='ltr'>ταῦτα</span> <span class='ocrx_word' id='word_1_37' title='bbox 1164 466 1412 542; x_wconf 72' lang='grc' dir='ltr'>ἀναβαίη</span> <span class='ocrx_word' id='word_1_38' title='bbox 1446 465 1764 543; x_wconf 76' lang='grc' dir='ltr'>ἀνθρώπων,</span> <span class='ocrx_word' id='word_1_39' title='bbox 1802 467 1978 547; x_wconf 80' lang='grc' dir='ltr'>ταύτῃ</span> 
     </span>
     <span class='ocr_line' id='line_1_6' title="bbox 377 552 1981 635; baseline 0.003 -22"><span class='ocrx_word' id='word_1_40' title='bbox 377 553 669 631; x_wconf 72' lang='grc' dir='ltr'>ἀνέβησάν</span> <span class='ocrx_word' id='word_1_41' title='bbox 683 580 830 617; x_wconf 90' lang='grc' dir='ltr'>τινες</span> <span class='ocrx_word' id='word_1_42' title='bbox 855 553 996 615; x_wconf 69' lang='grc' dir='ltr'>κατὰ</span> <span class='ocrx_word' id='word_1_43' title='bbox 1020 553 1088 613; x_wconf 82' lang='grc' dir='ltr'>τὸ</span> <span class='ocrx_word' id='word_1_44' title='bbox 1115 552 1237 631; x_wconf 80' lang='grc' dir='ltr'>ἶρὸν</span> <span class='ocrx_word' id='word_1_45' title='bbox 1262 558 1362 629; x_wconf 81' lang='grc' dir='ltr'>τῆς</span> <span class='ocrx_word' id='word_1_46' title='bbox 1388 554 1681 631; x_wconf 88' lang='grc' dir='ltr'>Κέκροπος</span> <span class='ocrx_word' id='word_1_47' title='bbox 1707 555 1981 635; x_wconf 79' lang='grc' dir='ltr'>θυγατρός</span> 
     </span>
     <span class='ocr_line' id='line_1_7' title="bbox 375 640 1981 722; baseline 0 -21"><span class='ocrx_word' id='word_1_48' title='bbox 375 640 712 722; x_wconf 78' lang='grc' dir='ltr'>Ἀγλαύρου,</span> <span class='ocrx_word' id='word_1_49' title='bbox 733 642 1022 718; x_wconf 86' lang='grc' dir='ltr'>καίτοιπερ</span> <span class='ocrx_word' id='word_1_50' title='bbox 1049 640 1413 718; x_wconf 69' lang='grc' dir='ltr'>ἀποκρήμνου</span> <span class='ocrx_word' id='word_1_51' title='bbox 1439 640 1629 705; x_wconf 77' lang='grc' dir='ltr'>ἐόντος</span> <span class='ocrx_word' id='word_1_52' title='bbox 1650 645 1751 701; x_wconf 80' lang='grc' dir='ltr'>τοῦ</span> <span class='ocrx_word' id='word_1_53' title='bbox 1777 642 1981 721; x_wconf 77' lang='grc' dir='ltr'>χώρου·</span> 
     </span>
     <span class='ocr_line' id='line_1_8' title="bbox 377 727 1979 805; baseline 0.002 -18"><span class='ocrx_word' id='word_1_54' title='bbox 377 727 452 791; x_wconf 75' lang='grc' dir='ltr'>ὥς</span> <span class='ocrx_word' id='word_1_55' title='bbox 489 728 550 787; x_wconf 77' lang='grc' dir='ltr'>δὲ</span> <span class='ocrx_word' id='word_1_56' title='bbox 591 728 736 789; x_wconf 79' lang='grc' dir='ltr'>εἶδον</span> <span class='ocrx_word' id='word_1_57' title='bbox 771 727 970 793; x_wconf 68' lang='grc' dir='ltr'>αὗτοῦς</span> <span class='ocrx_word' id='word_1_58' title='bbox 1009 728 1441 805; x_wconf 71' lang='grc' dir='ltr'>ἀναβεβηκότας</span> <span class='ocrx_word' id='word_1_59' title='bbox 1476 731 1531 788; x_wconf 81' lang='grc' dir='ltr'>οἶ</span> <span class='ocrx_word' id='word_1_60' title='bbox 1566 727 1855 805; x_wconf 83' lang='grc' dir='ltr'>Ἀθηναῖοι</span> <span class='ocrx_word' id='word_1_61' title='bbox 1888 731 1979 790; x_wconf 67' lang='grc' dir='ltr'>ἐπὶ</span> 
     </span>
     <span class='ocr_line' id='line_1_9' title="bbox 379 814 1979 893; baseline 0.001 -17"><span class='ocrx_word' id='word_1_62' title='bbox 379 815 482 890; x_wconf 69' lang='grc' dir='ltr'>τὴν</span> <span class='ocrx_word' id='word_1_63' title='bbox 519 814 846 893; x_wconf 74' lang='grc' dir='ltr'>ἀκρόπολιν,</span> <span class='ocrx_word' id='word_1_64' title='bbox 885 819 942 875; x_wconf 74' lang='grc' dir='ltr'>οἱ</span> <span class='ocrx_word' id='word_1_65' title='bbox 979 818 1084 893; x_wconf 73' lang='grc' dir='ltr'>μὲν</span> <span class='ocrx_word' id='word_1_66' title='bbox 1124 816 1413 893; x_wconf 83' lang='grc' dir='ltr'>ἐρρίπτεον</span> <span class='ocrx_word' id='word_1_67' title='bbox 1452 814 1683 880; x_wconf 72' lang='grc' dir='ltr'>ἐωυτοῦς</span> <span class='ocrx_word' id='word_1_68' title='bbox 1710 816 1851 877; x_wconf 70' lang='grc' dir='ltr'>κατα“</span> <span class='ocrx_word' id='word_1_69' title='bbox 1876 821 1979 877; x_wconf 79' lang='grc' dir='ltr'>τοῦ</span> 
     </span>
    </p>

    <p class='ocr_par' dir='ltr' id='par_1_2' title="bbox 303 903 1985 1421">
     <span class='ocr_line' id='line_1_10' title="bbox 303 903 1983 1015; baseline 0.002 -53"><span class='ocrx_word' id='word_1_70' title='bbox 303 909 310 916; x_wconf 81' lang='grc'>’</span> <span class='ocrx_word' id='word_1_71' title='bbox 377 903 592 981; x_wconf 90' lang='grc' dir='ltr'>τείχεος</span> <span class='ocrx_word' id='word_1_72' title='bbox 631 903 794 974; x_wconf 71' lang='grc' dir='ltr'>κάτω,</span> <span class='ocrx_word' id='word_1_73' title='bbox 824 905 918 962; x_wconf 87' lang='grc' dir='ltr'>καὶ</span> <span class='ocrx_word' id='word_1_74' title='bbox 957 904 1357 1015; x_wconf 82' lang='grc' dir='ltr'>διεφθείροντο,</span> <span class='ocrx_word' id='word_1_75' title='bbox 1387 906 1442 964; x_wconf 79' lang='grc' dir='ltr'>οἶ</span> <span class='ocrx_word' id='word_1_76' title='bbox 1475 903 1589 962; x_wconf 81' lang='grc' dir='ltr'>δὲ’</span> <span class='ocrx_word' id='word_1_77' title='bbox 1562 930 1619 967; x_wconf 90' lang='grc' dir='ltr'>ες</span> <span class='ocrx_word' id='word_1_78' title='bbox 1642 905 1709 963; x_wconf 85' lang='grc' dir='ltr'>τὸ</span> <span class='ocrx_word' id='word_1_79' title='bbox 1735 904 1983 985; x_wconf 87' lang='grc' dir='ltr'>μέγαρον</span> 
     </span>
     <span class='ocr_line' id='line_1_11' title="bbox 381 990 1985 1103; baseline 0 -52"><span class='ocrx_word' id='word_1_80' title='bbox 381 992 744 1072; x_wconf 81' lang='grc' dir='ltr'>κατέφευγον·</span> <span class='ocrx_word' id='word_1_81' title='bbox 785 996 896 1051; x_wconf 75' lang='grc' dir='ltr'>τῶν</span> <span class='ocrx_word' id='word_1_82' title='bbox 923 990 983 1051; x_wconf 79' lang='grc' dir='ltr'>δὲ</span> <span class='ocrx_word' id='word_1_83' title='bbox 991 992 1315 1068; x_wconf 82' lang='grc' dir='ltr'>Περσέων</span> <span class='ocrx_word' id='word_1_84' title='bbox 1305 994 1361 1051; x_wconf 81' lang='grc' dir='ltr'>οἱ</span> <span class='ocrx_word' id='word_1_85' title='bbox 1380 990 1813 1099; x_wconf 74' lang='grc' dir='ltr'>ἀναβεβηκότες</span> <span class='ocrx_word' id='word_1_86' title='bbox 1837 996 1985 1103; x_wconf 74' lang='grc' dir='ltr'>πρῶ·</span> 
     </span>
     <span class='ocr_line' id='line_1_12' title="bbox 379 1078 1984 1173; baseline 0.001 -34"><span class='ocrx_word' id='word_1_87' title='bbox 379 1105 479 1139; x_wconf 91' lang='grc' dir='ltr'>τον</span> <span class='ocrx_word' id='word_1_88' title='bbox 501 1081 606 1157; x_wconf 82' lang='grc' dir='ltr'>μὲν</span> <span class='ocrx_word' id='word_1_89' title='bbox 631 1078 940 1157; x_wconf 75' lang='grc' dir='ltr'>ἐτράποντο</span> <span class='ocrx_word' id='word_1_90' title='bbox 977 1080 1118 1155; x_wconf 78' lang='grc' dir='ltr'>πρὸς</span> <span class='ocrx_word' id='word_1_91' title='bbox 1152 1102 1255 1141; x_wconf 90' lang='grc' dir='ltr'>τας</span> <span class='ocrx_word' id='word_1_92' title='bbox 1280 1078 1477 1153; x_wconf 83' lang='grc' dir='ltr'>πύλας,</span> <span class='ocrx_word' id='word_1_93' title='bbox 1524 1080 1727 1143; x_wconf 84' lang='grc' dir='ltr'>ταύτας</span> <span class='ocrx_word' id='word_1_94' title='bbox 1752 1079 1873 1139; x_wconf 81' lang='grc' dir='ltr'>δὲ’</span> <span class='ocrx_word' id='word_1_95' title='bbox 1836 1081 1984 1173; x_wconf 81' lang='grc' dir='ltr'>ανοί-</span> 
     </span>
     <span class='ocr_line' id='line_1_13' title="bbox 380 1164 1984 1244; baseline 0.003 -18"><span class='ocrx_word' id='word_1_96' title='bbox 380 1167 572 1237; x_wconf 80' lang='grc' dir='ltr'>ξαντες</span> <span class='ocrx_word' id='word_1_97' title='bbox 609 1192 740 1230; x_wconf 90' lang='grc' dir='ltr'>τους</span> <span class='ocrx_word' id='word_1_98' title='bbox 784 1168 992 1232; x_wconf 77' lang='grc' dir='ltr'>ἱκέτας-’-</span> <span class='ocrx_word' id='word_1_99' title='bbox 1007 1164 1333 1243; x_wconf 79' lang='grc' dir='ltr'>ἐφόνευον·</span> <span class='ocrx_word' id='word_1_100' title='bbox 1348 1167 1469 1227; x_wconf 85' lang='grc' dir='ltr'>ἐπεὶ</span> <span class='ocrx_word' id='word_1_101' title='bbox 1508 1166 1573 1226; x_wconf 89' lang='grc' dir='ltr'>δέ</span> <span class='ocrx_word' id='word_1_102' title='bbox 1626 1173 1740 1244; x_wconf 88' lang='grc' dir='ltr'>σφι</span> <span class='ocrx_word' id='word_1_103' title='bbox 1780 1166 1984 1232; x_wconf 78' lang='grc' dir='ltr'>πάντες</span> 
     </span>
     <span class='ocr_line' id='line_1_14' title="bbox 381 1253 1985 1333; baseline 0.002 -20"><span class='ocrx_word' id='word_1_104' title='bbox 381 1257 780 1333; x_wconf 85' lang='grc' dir='ltr'>κατέστρωντο,</span> <span class='ocrx_word' id='word_1_105' title='bbox 808 1254 876 1317; x_wconf 74' lang='grc' dir='ltr'>τὰ</span> <span class='ocrx_word' id='word_1_106' title='bbox 891 1290 898 1299; x_wconf 88' lang='lat'><strong>·</strong></span> <span class='ocrx_word' id='word_1_107' title='bbox 911 1254 1040 1333; x_wconf 79' lang='grc' dir='ltr'>ἶρὸν</span> <span class='ocrx_word' id='word_1_108' title='bbox 1055 1253 1413 1331; x_wconf 83' lang='grc' dir='ltr'>συλήσαντες</span> <span class='ocrx_word' id='word_1_109' title='bbox 1448 1256 1763 1332; x_wconf 86' lang='grc' dir='ltr'>ἐνέπρησαν</span> <span class='ocrx_word' id='word_1_110' title='bbox 1789 1260 1985 1317; x_wconf 78' lang='grc' dir='ltr'>πᾶσαν</span> 
     </span>
     <span class='ocr_line' id='line_1_15' title="bbox 379 1334 910 1421; baseline 0 -18"><span class='ocrx_word' id='word_1_111' title='bbox 379 1340 487 1417; x_wconf 73' lang='grc' dir='ltr'>τήν</span> <span class='ocrx_word' id='word_1_112' title='bbox 511 1334 836 1421; x_wconf 69' lang='grc' dir='ltr'>ἀκρόπολιν.</span> <span class='ocrx_word' id='word_1_113' title='bbox 861 1354 865 1357; x_wconf 79' lang='grc'><strong>’</strong></span> <span class='ocrx_word' id='word_1_114' title='bbox 905 1358 910 1365; x_wconf 84' lang='grc'><strong>’</strong></span> 
     </span>
    </p>

    <p class='ocr_par' dir='ltr' id='par_1_3' title="bbox 383 1429 2081 1509">
     <span class='ocr_line' id='line_1_16' title="bbox 383 1429 2081 1509; baseline 0.001 -20"><span class='ocrx_word' id='word_1_115' title='bbox 383 1470 390 1475; x_wconf 95' lang='grc'>-</span> <span class='ocrx_word' id='word_1_116' title='bbox 464 1430 628 1509; x_wconf 73' lang='grc' dir='ltr'>Σχιόν</span> <span class='ocrx_word' id='word_1_117' title='bbox 653 1430 714 1489; x_wconf 83' lang='grc' dir='ltr'>δὲ</span> <span class='ocrx_word' id='word_1_118' title='bbox 739 1430 1054 1493; x_wconf 79' lang='grc' dir='ltr'>παντελέως</span> <span class='ocrx_word' id='word_1_119' title='bbox 1077 1429 1444 1506; x_wconf 68' lang='grc' dir='ltr'>τὰςἈθήνας</span> <span class='ocrx_word' id='word_1_120' title='bbox 1477 1430 1704 1508; x_wconf 77' lang='grc' dir='ltr'>Ξέρξης,</span> <span class='ocrx_word' id='word_1_121' title='bbox 1732 1432 1982 1509; x_wconf 84' lang='grc' dir='ltr'>α’πέπεμ-</span> <span class='ocrx_word' id='word_1_122' title='bbox 2000 1434 2081 1492; x_wconf 80' lang='grc'>54</span> 
     </span>
    </p>

    <p class='ocr_par' dir='ltr' id='par_1_4' title="bbox 383 1516 1985 1599">
     <span class='ocr_line' id='line_1_17' title="bbox 383 1516 1985 1599; baseline 0.003 -24"><span class='ocrx_word' id='word_1_123' title='bbox 383 1524 458 1593; x_wconf 87' lang='grc' dir='ltr'>ψε</span> <span class='ocrx_word' id='word_1_124' title='bbox 484 1522 538 1581; x_wconf 89' lang='grc' dir='ltr'>ἐς</span> <span class='ocrx_word' id='word_1_125' title='bbox 565 1519 760 1581; x_wconf 77' lang='grc' dir='ltr'>Σοῦσα</span> <span class='ocrx_word' id='word_1_126' title='bbox 789 1516 1034 1599; x_wconf 74' lang='grc' dir='ltr'>ἄγγελον</span> <span class='ocrx_word' id='word_1_127' title='bbox 1063 1518 1237 1577; x_wconf 84' lang='grc' dir='ltr'>ἱππέα</span> <span class='ocrx_word' id='word_1_128' title='bbox 1271 1516 1605 1597; x_wconf 77' lang='grc' dir='ltr'>Ἀρταβάνῳ</span> <span class='ocrx_word' id='word_1_129' title='bbox 1640 1517 1985 1599; x_wconf 68' lang='grc' dir='ltr'>ἀγγελέοντα</span> 
     </span>
    </p>

    <p class='ocr_par' dir='ltr' id='par_1_5' title="bbox 380 1602 1990 2214">
     <span class='ocr_line' id='line_1_18' title="bbox 383 1602 1990 1684; baseline 0.004 -22"><span class='ocrx_word' id='word_1_130' title='bbox 383 1602 487 1679; x_wconf 78' lang='grc' dir='ltr'>τήν</span> <span class='ocrx_word' id='word_1_131' title='bbox 511 1604 832 1681; x_wconf 76' lang='grc' dir='ltr'>παρεοῦσάν</span> <span class='ocrx_word' id='word_1_132' title='bbox 856 1610 970 1681; x_wconf 89' lang='grc' dir='ltr'>σφι</span> <span class='ocrx_word' id='word_1_133' title='bbox 996 1605 1317 1683; x_wconf 68' lang='grc' dir='ltr'>εὐπρηξίην.</span> <span class='ocrx_word' id='word_1_134' title='bbox 1397 1604 1510 1665; x_wconf 60' lang='lat' dir='ltr'>&lt;ina</span> <span class='ocrx_word' id='word_1_135' title='bbox 1536 1605 1597 1665; x_wconf 78' lang='grc' dir='ltr'>δὲ</span> <span class='ocrx_word' id='word_1_136' title='bbox 1620 1608 1721 1682; x_wconf 83' lang='grc' dir='ltr'>τῆς</span> <span class='ocrx_word' id='word_1_137' title='bbox 1746 1607 1990 1684; x_wconf 75' lang='grc' dir='ltr'>πέμψιος</span> 
     </span>
     <span class='ocr_line' id='line_1_19' title="bbox 383 1690 1989 1774; baseline 0.002 -21"><span class='ocrx_word' id='word_1_138' title='bbox 383 1696 484 1753; x_wconf 84' lang='grc' dir='ltr'>τοῦ</span> <span class='ocrx_word' id='word_1_139' title='bbox 525 1690 757 1770; x_wconf 83' lang='grc' dir='ltr'>κήρυκος</span> <span class='ocrx_word' id='word_1_140' title='bbox 797 1693 1022 1774; x_wconf 84' lang='grc' dir='ltr'>δευτέρῃ</span> <span class='ocrx_word' id='word_1_141' title='bbox 1060 1693 1243 1772; x_wconf 80' lang='grc' dir='ltr'>ἡμέρῃ</span> <span class='ocrx_word' id='word_1_142' title='bbox 1284 1694 1646 1774; x_wconf 83' lang='grc' dir='ltr'>συγκαλέσας</span> <span class='ocrx_word' id='word_1_143' title='bbox 1681 1692 1989 1771; x_wconf 85' lang='grc' dir='ltr'>Ἀθηναίων</span> 
     </span>
     <span class='ocr_line' id='line_1_20' title="bbox 381 1780 1987 1862; baseline 0.001 -22"><span class='ocrx_word' id='word_1_144' title='bbox 381 1806 514 1844; x_wconf 90' lang='grc' dir='ltr'>τους</span> <span class='ocrx_word' id='word_1_145' title='bbox 553 1780 822 1862; x_wconf 75' lang='grc' dir='ltr'>φυγάδας,</span> <span class='ocrx_word' id='word_1_146' title='bbox 862 1784 1040 1860; x_wconf 74' lang='grc' dir='ltr'>ἑωυτῷ</span> <span class='ocrx_word' id='word_1_147' title='bbox 1079 1782 1139 1840; x_wconf 82' lang='grc' dir='ltr'>δὲ</span> <span class='ocrx_word' id='word_1_148' title='bbox 1188 1782 1503 1858; x_wconf 81' lang='grc' dir='ltr'>ἑπομένους,</span> <span class='ocrx_word' id='word_1_149' title='bbox 1546 1781 1763 1841; x_wconf 82' lang='grc' dir='ltr'>ἐκέλευε</span> <span class='ocrx_word' id='word_1_150' title='bbox 1797 1782 1987 1862; x_wconf 87' lang='grc' dir='ltr'>τρόπω</span> 
     </span>
     <span class='ocr_line' id='line_1_21' title="bbox 381 1869 1989 1980; baseline 0.001 -52"><span class='ocrx_word' id='word_1_151' title='bbox 381 1871 462 1948; x_wconf 74' lang='grc' dir='ltr'>τῷ</span> <span class='ocrx_word' id='word_1_152' title='bbox 498 1869 756 1950; x_wconf 80' lang='grc' dir='ltr'>σφετέρῳ</span> <span class='ocrx_word' id='word_1_153' title='bbox 797 1871 968 1930; x_wconf 81' lang='grc' dir='ltr'>θῦσαι</span> <span class='ocrx_word' id='word_1_154' title='bbox 1005 1870 1078 1929; x_wconf 83' lang='grc' dir='ltr'>τοὶ</span> <span class='ocrx_word' id='word_1_155' title='bbox 1117 1870 1213 1947; x_wconf 81' lang='grc' dir='ltr'>ἱροὶ</span> <span class='ocrx_word' id='word_1_156' title='bbox 1248 1869 1586 1980; x_wconf 79' lang='grc' dir='ltr'>ἀναβαντας</span> <span class='ocrx_word' id='word_1_157' title='bbox 1601 1873 1657 1933; x_wconf 85' lang='grc' dir='ltr'>ἐς</span> <span class='ocrx_word' id='word_1_158' title='bbox 1686 1869 1793 1944; x_wconf 75' lang='grc' dir='ltr'>τὴν</span> <span class='ocrx_word' id='word_1_159' title='bbox 1826 1869 1989 1948; x_wconf 82' lang='grc' dir='ltr'>α’κρό-</span> 
     </span>
     <span class='ocr_line' id='line_1_22' title="bbox 381 1954 1989 2038; baseline 0.001 -22"><span class='ocrx_word' id='word_1_160' title='bbox 381 1962 573 2017; x_wconf 88' lang='grc' dir='ltr'>πολιν·</span> <span class='ocrx_word' id='word_1_161' title='bbox 617 1983 726 2018; x_wconf 86' lang='grc' dir='ltr'>ειτε</span> <span class='ocrx_word' id='word_1_162' title='bbox 750 1955 882 2033; x_wconf 76' lang='grc' dir='ltr'>δη’</span> <span class='ocrx_word' id='word_1_163' title='bbox 841 1983 916 2038; x_wconf 83' lang='grc' dir='ltr'>ων</span> <span class='ocrx_word' id='word_1_164' title='bbox 942 1954 1074 2035; x_wconf 84' lang='grc' dir='ltr'>οψιν</span> <span class='ocrx_word' id='word_1_165' title='bbox 1096 1957 1223 2017; x_wconf 81' lang='grc' dir='ltr'>τινοὶ</span> <span class='ocrx_word' id='word_1_166' title='bbox 1248 1956 1419 2017; x_wconf 69' lang='grc' dir='ltr'>ιῖδων’</span> <span class='ocrx_word' id='word_1_167' title='bbox 1394 1957 1647 2017; x_wconf 81' lang='grc' dir='ltr'>ενυπνίου</span> <span class='ocrx_word' id='word_1_168' title='bbox 1668 1957 1989 2018; x_wconf 88' lang='grc' dir='ltr'>ἐνετέλλετο</span> 
     </span>
     <span class='ocr_line' id='line_1_23' title="bbox 380 2044 1985 2126; baseline 0.001 -21"><span class='ocrx_word' id='word_1_169' title='bbox 380 2049 574 2116; x_wconf 82' lang='grc' dir='ltr'>ταῦτα,</span> <span class='ocrx_word' id='word_1_170' title='bbox 611 2047 720 2106; x_wconf 80' lang='grc' dir='ltr'>εἴτε</span> <span class='ocrx_word' id='word_1_171' title='bbox 756 2072 848 2105; x_wconf 89' lang='grc' dir='ltr'>και</span> <span class='ocrx_word' id='word_1_172' title='bbox 887 2044 1145 2122; x_wconf 84' lang='grc' dir='ltr'>ἐνθύμιόν</span> <span class='ocrx_word' id='word_1_173' title='bbox 1176 2072 1233 2106; x_wconf 93' lang='grc' dir='ltr'>οι</span> <span class='ocrx_word' id='word_1_174' title='bbox 1268 2046 1485 2126; x_wconf 88' lang='grc' dir='ltr'>ἐγένετο</span> <span class='ocrx_word' id='word_1_175' title='bbox 1522 2045 1893 2122; x_wconf 83' lang='grc' dir='ltr'>ἐμπρήσαντα</span> <span class='ocrx_word' id='word_1_176' title='bbox 1916 2046 1985 2106; x_wconf 91' lang='grc' dir='ltr'>το</span> 
     </span>
     <span class='ocr_line' id='line_1_24' title="bbox 385 2131 1987 2214; baseline 0.001 -21"><span class='ocrx_word' id='word_1_177' title='bbox 385 2133 522 2211; x_wconf 76' lang='grc' dir='ltr'>ἱρόν·</span> <span class='ocrx_word' id='word_1_178' title='bbox 567 2137 622 2193; x_wconf 80' lang='grc' dir='ltr'>οἱ</span> <span class='ocrx_word' id='word_1_179' title='bbox 653 2135 712 2194; x_wconf 76' lang='grc' dir='ltr'>δὲ</span> <span class='ocrx_word' id='word_1_180' title='bbox 745 2132 992 2214; x_wconf 76' lang='grc' dir='ltr'>φυγάδες</span> <span class='ocrx_word' id='word_1_181' title='bbox 1023 2158 1135 2192; x_wconf 89' lang='grc' dir='ltr'>των</span> <span class='ocrx_word' id='word_1_182' title='bbox 1161 2131 1529 2210; x_wconf 86' lang='grc' dir='ltr'>Ἀθηναίων’</span> <span class='ocrx_word' id='word_1_183' title='bbox 1504 2135 1781 2209; x_wconf 89' lang='grc' dir='ltr'>εποίησαν</span> <span class='ocrx_word' id='word_1_184' title='bbox 1804 2160 1877 2193; x_wconf 94' lang='grc' dir='ltr'>τα</span> <span class='ocrx_word' id='word_1_185' title='bbox 1904 2138 1987 2194; x_wconf 87' lang='grc' dir='ltr'>ἐν·-</span> 
     </span>
    </p>

    <p class='ocr_par' dir='ltr' id='par_1_6' title="bbox 383 2220 2082 2298">
     <span class='ocr_line' id='line_1_25' title="bbox 383 2220 2082 2298; baseline 0.002 -19"><span class='ocrx_word' id='word_1_186' title='bbox 383 2221 716 2296; x_wconf 85' lang='grc' dir='ltr'>τεταλμένα.</span> <span class='ocrx_word' id='word_1_187' title='bbox 797 2224 912 2280; x_wconf 88' lang='grc' dir='ltr'>Του</span> <span class='ocrx_word' id='word_1_188' title='bbox 965 2220 1026 2280; x_wconf 79' lang='grc' dir='ltr'>δὲ</span> <span class='ocrx_word' id='word_1_189' title='bbox 1079 2223 1281 2282; x_wconf 80' lang='grc' dir='ltr'>εἵνεκεν</span> <span class='ocrx_word' id='word_1_190' title='bbox 1344 2220 1557 2281; x_wconf 85' lang='grc' dir='ltr'>τούτων</span> <span class='ocrx_word' id='word_1_191' title='bbox 1614 2221 1987 2298; x_wconf 85' lang='grc' dir='ltr'>ἐπεμνήσθην,</span> <span class='ocrx_word' id='word_1_192' title='bbox 2004 2225 2082 2282; x_wconf 85' lang='grc'>55</span> 
     </span>
    </p>

    <p class='ocr_par' dir='ltr' id='par_1_7' title="bbox 387 2306 1990 2388">
     <span class='ocr_line' id='line_1_26' title="bbox 387 2306 1990 2388; baseline 0.002 -24"><span class='ocrx_word' id='word_1_193' title='bbox 387 2306 610 2383; x_wconf 78' lang='grc' dir='ltr'>φράσω·</span> <span class='ocrx_word' id='word_1_194' title='bbox 658 2309 780 2367; x_wconf 80' lang='grc' dir='ltr'>ἔστι</span> <span class='ocrx_word' id='word_1_195' title='bbox 822 2313 880 2368; x_wconf 91' lang='grc' dir='ltr'>ἐν</span> <span class='ocrx_word' id='word_1_196' title='bbox 917 2311 992 2386; x_wconf 80' lang='grc' dir='ltr'>τῇ</span> <span class='ocrx_word' id='word_1_197' title='bbox 1031 2307 1311 2384; x_wconf 70' lang='grc' dir='ltr'>ἀκροπόλι</span> <span class='ocrx_word' id='word_1_198' title='bbox 1343 2308 1519 2387; x_wconf 83' lang='grc' dir='ltr'>ταύτῃ</span> <span class='ocrx_word' id='word_1_199' title='bbox 1554 2308 1851 2388; x_wconf 81' lang='grc' dir='ltr'>Ἐρεχθέος</span> <span class='ocrx_word' id='word_1_200' title='bbox 1888 2313 1990 2370; x_wconf 79' lang='grc' dir='ltr'>τοῦ</span> 
     </span>
    </p>

    <p class='ocr_par' dir='ltr' id='par_1_8' title="bbox 385 2394 1993 3172">
     <span class='ocr_line' id='line_1_27' title="bbox 385 2394 1991 2475; baseline 0.002 -23"><span class='ocrx_word' id='word_1_201' title='bbox 385 2394 648 2472; x_wconf 84' lang='grc' dir='ltr'>γηγενέος</span> <span class='ocrx_word' id='word_1_202' title='bbox 683 2395 992 2475; x_wconf 81' lang='grc' dir='ltr'>λεγομένου</span> <span class='ocrx_word' id='word_1_203' title='bbox 1033 2395 1173 2455; x_wconf 80' lang='grc' dir='ltr'>εἶναι</span> <span class='ocrx_word' id='word_1_204' title='bbox 1212 2395 1355 2472; x_wconf 72' lang='grc' dir='ltr'>νηὸς,</span> <span class='ocrx_word' id='word_1_205' title='bbox 1394 2401 1453 2456; x_wconf 87' lang='grc' dir='ltr'>ἐν</span> <span class='ocrx_word' id='word_1_206' title='bbox 1490 2399 1567 2475; x_wconf 71' lang='grc' dir='ltr'>τῷ</span> <span class='ocrx_word' id='word_1_207' title='bbox 1597 2398 1761 2473; x_wconf 81' lang='grc' dir='ltr'>ἐλαίη</span> <span class='ocrx_word' id='word_1_208' title='bbox 1795 2423 1859 2458; x_wconf 91' lang='grc' dir='ltr'>τε</span> <span class='ocrx_word' id='word_1_209' title='bbox 1899 2399 1991 2456; x_wconf 85' lang='grc' dir='ltr'>καὶ</span> 
     </span>
     <span class='ocr_line' id='line_1_28' title="bbox 387 2476 1992 2561; baseline 0.003 -22"><span class='ocrx_word' id='word_1_210' title='bbox 387 2479 660 2540; x_wconf 74' lang='grc' dir='ltr'>θάλασσα</span> <span class='ocrx_word' id='word_1_211' title='bbox 687 2482 784 2540; x_wconf 83' lang='grc' dir='ltr'>ἔνι·</span> <span class='ocrx_word' id='word_1_212' title='bbox 823 2481 897 2542; x_wconf 83' lang='grc' dir='ltr'>τοὶ</span> <span class='ocrx_word' id='word_1_213' title='bbox 921 2481 1096 2561; x_wconf 82' lang='grc' dir='ltr'>λόγος</span> <span class='ocrx_word' id='word_1_214' title='bbox 1116 2483 1275 2560; x_wconf 73' lang='grc' dir='ltr'>παρὰ</span> <span class='ocrx_word' id='word_1_215' title='bbox 1298 2483 1605 2559; x_wconf 87' lang='grc' dir='ltr'>Ἀθηναίων</span> <span class='ocrx_word' id='word_1_216' title='bbox 1634 2476 1992 2544; x_wconf 79' lang='grc' dir='ltr'>Ποσειδέωνά</span> 
     </span>
     <span class='ocr_line' id='line_1_29' title="bbox 385 2567 1990 2649; baseline 0.002 -23"><span class='ocrx_word' id='word_1_217' title='bbox 385 2591 448 2626; x_wconf 90' lang='grc' dir='ltr'>τε</span> <span class='ocrx_word' id='word_1_218' title='bbox 473 2568 568 2626; x_wconf 86' lang='grc' dir='ltr'>καὶ</span> <span class='ocrx_word' id='word_1_219' title='bbox 591 2567 893 2644; x_wconf 83' lang='grc' dir='ltr'>Ἀθηναίην</span> <span class='ocrx_word' id='word_1_220' title='bbox 924 2569 1217 2646; x_wconf 82' lang='grc' dir='ltr'>ἐρίσαντας</span> <span class='ocrx_word' id='word_1_221' title='bbox 1236 2571 1363 2647; x_wconf 86' lang='grc' dir='ltr'>περὶ</span> <span class='ocrx_word' id='word_1_222' title='bbox 1380 2575 1483 2645; x_wconf 83' lang='grc' dir='ltr'>τῆς</span> <span class='ocrx_word' id='word_1_223' title='bbox 1507 2569 1691 2649; x_wconf 74' lang='grc' dir='ltr'>χώρης</span> <span class='ocrx_word' id='word_1_224' title='bbox 1714 2571 1990 2647; x_wconf 80' lang='grc' dir='ltr'>μαρτύρια</span> 
     </span>
     <span class='ocr_line' id='line_1_30' title="bbox 387 2654 1991 2737; baseline 0.001 -23"><span class='ocrx_word' id='word_1_225' title='bbox 387 2654 608 2714; x_wconf 83' lang='grc' dir='ltr'>θέσθαι·</span> <span class='ocrx_word' id='word_1_226' title='bbox 675 2654 882 2733; x_wconf 77' lang='grc' dir='ltr'>ταύτην</span> <span class='ocrx_word' id='word_1_227' title='bbox 923 2656 996 2716; x_wconf 80' lang='grc' dir='ltr'>ὧν</span> <span class='ocrx_word' id='word_1_228' title='bbox 1033 2656 1139 2733; x_wconf 80' lang='grc' dir='ltr'>τὴν</span> <span class='ocrx_word' id='word_1_229' title='bbox 1178 2659 1373 2734; x_wconf 83' lang='grc' dir='ltr'>ἐλαίην</span> <span class='ocrx_word' id='word_1_230' title='bbox 1412 2657 1533 2734; x_wconf 71' lang='grc' dir='ltr'>ἅμα</span> <span class='ocrx_word' id='word_1_231' title='bbox 1571 2662 1649 2736; x_wconf 75' lang='grc' dir='ltr'>τῷ</span> <span class='ocrx_word' id='word_1_232' title='bbox 1688 2658 1849 2736; x_wconf 76' lang='grc' dir='ltr'>ἄλλῳ</span> <span class='ocrx_word' id='word_1_233' title='bbox 1892 2661 1991 2737; x_wconf 74' lang='grc' dir='ltr'>ἱρῷ</span> 
     </span>
     <span class='ocr_line' id='line_1_31' title="bbox 388 2743 1992 2823; baseline 0.002 -23"><span class='ocrx_word' id='word_1_234' title='bbox 388 2743 670 2818; x_wconf 89' lang='grc' dir='ltr'>κατέλαβε</span> <span class='ocrx_word' id='word_1_235' title='bbox 697 2745 1090 2821; x_wconf 85' lang='grc' dir='ltr'>ἐμπρησθῆναι</span> <span class='ocrx_word' id='word_1_236' title='bbox 1113 2744 1223 2805; x_wconf 55' lang='lat' dir='ltr'>§vra</span> <span class='ocrx_word' id='word_1_237' title='bbox 1248 2749 1359 2806; x_wconf 79' lang='grc' dir='ltr'>τῶν</span> <span class='ocrx_word' id='word_1_238' title='bbox 1390 2743 1725 2822; x_wconf 76' lang='grc' dir='ltr'>βαρβάρων·</span> <span class='ocrx_word' id='word_1_239' title='bbox 1766 2744 1992 2823; x_wconf 83' lang='grc' dir='ltr'>δευτέρῃ</span> 
     </span>
     <span class='ocr_line' id='line_1_32' title="bbox 387 2827 1993 2912; baseline 0.003 -25"><span class='ocrx_word' id='word_1_240' title='bbox 387 2828 448 2887; x_wconf 79' lang='grc' dir='ltr'>δὲ</span> <span class='ocrx_word' id='word_1_241' title='bbox 485 2827 666 2909; x_wconf 80' lang='grc' dir='ltr'>ημέρῃ</span> <span class='ocrx_word' id='word_1_242' title='bbox 705 2830 820 2891; x_wconf 74' lang='grc' dir='ltr'>ἀπὸ</span> <span class='ocrx_word' id='word_1_243' title='bbox 859 2835 962 2908; x_wconf 79' lang='grc' dir='ltr'>τῆς</span> <span class='ocrx_word' id='word_1_244' title='bbox 1012 2832 1341 2910; x_wconf 87' lang='grc' dir='ltr'>ἐμπρήσιος,</span> <span class='ocrx_word' id='word_1_245' title='bbox 1384 2829 1693 2907; x_wconf 87' lang='grc' dir='ltr'>Ἀθηναίων</span> <span class='ocrx_word' id='word_1_246' title='bbox 1739 2834 1794 2912; x_wconf 81' lang='grc' dir='ltr'>οἶ</span> <span class='ocrx_word' id='word_1_247' title='bbox 1842 2830 1993 2892; x_wconf 88' lang='grc' dir='ltr'>θυειν</span> 
     </span>
     <span class='ocr_line' id='line_1_33' title="bbox 385 2915 1989 2996; baseline 0.002 -22"><span class='ocrx_word' id='word_1_248' title='bbox 385 2915 498 2976; x_wconf 78' lang='grc' dir='ltr'>ὖπο</span> <span class='ocrx_word' id='word_1_249' title='bbox 531 2918 812 2994; x_wconf 86' lang='grc' dir='ltr'>βασιλέος</span> <span class='ocrx_word' id='word_1_250' title='bbox 847 2918 1202 2996; x_wconf 87' lang='grc' dir='ltr'>κελευόμενοι</span> <span class='ocrx_word' id='word_1_251' title='bbox 1240 2919 1309 2982; x_wconf 80' lang='grc' dir='ltr'>ὦς</span> <span class='ocrx_word' id='word_1_252' title='bbox 1345 2919 1692 2996; x_wconf 75' lang='grc' dir='ltr'>σῖνέβησαν’</span> <span class='ocrx_word' id='word_1_253' title='bbox 1666 2945 1721 2982; x_wconf 90' lang='grc' dir='ltr'>ες</span> <span class='ocrx_word' id='word_1_254' title='bbox 1745 2918 1813 2978; x_wconf 80' lang='grc' dir='ltr'><em>τό</em></span> <span class='ocrx_word' id='word_1_255' title='bbox 1852 2917 1989 2996; x_wconf 82' lang='grc' dir='ltr'>ἱρον,</span> 
     </span>
     <span class='ocr_line' id='line_1_34' title="bbox 387 3003 1993 3086; baseline 0.002 -23"><span class='ocrx_word' id='word_1_256' title='bbox 387 3003 539 3080; x_wconf 81' lang='grc' dir='ltr'>ὥρων</span> <span class='ocrx_word' id='word_1_257' title='bbox 567 3005 834 3081; x_wconf 88' lang='grc' dir='ltr'>βλαστον</span> <span class='ocrx_word' id='word_1_258' title='bbox 874 3011 934 3067; x_wconf 91' lang='grc' dir='ltr'>ἐκ</span> <span class='ocrx_word' id='word_1_259' title='bbox 970 3011 1071 3068; x_wconf 81' lang='grc' dir='ltr'>τοῦ</span> <span class='ocrx_word' id='word_1_260' title='bbox 1107 3005 1475 3086; x_wconf 81' lang='grc' dir='ltr'>στελέχεος</span> <span class='ocrx_word' id='word_1_261' title='bbox 1444 3032 1583 3066; x_wconf 89' lang='grc' dir='ltr'>οσον</span> <span class='ocrx_word' id='word_1_262' title='bbox 1616 3033 1679 3066; x_wconf 89' lang='grc' dir='ltr'>τε</span> <span class='ocrx_word' id='word_1_263' title='bbox 1712 3008 1993 3086; x_wconf 83' lang='grc' dir='ltr'>πηχυαῖον</span> 
     </span>
     <span class='ocr_line' id='line_1_35' title="bbox 387 3091 1885 3172; baseline 0.003 -22"><span class='ocrx_word' id='word_1_264' title='bbox 387 3091 890 3172; x_wconf 74' lang='grc' dir='ltr'>ἀναδεδραμηκότα.</span> <span class='ocrx_word' id='word_1_265' title='bbox 976 3121 1143 3155; x_wconf 88' lang='grc' dir='ltr'>ουτοι</span> <span class='ocrx_word' id='word_1_266' title='bbox 1154 3097 1259 3172; x_wconf 88' lang='grc' dir='ltr'>μέν</span> <span class='ocrx_word' id='word_1_267' title='bbox 1284 3120 1381 3154; x_wconf 88' lang='grc' dir='ltr'>νυν</span> <span class='ocrx_word' id='word_1_268' title='bbox 1406 3098 1581 3153; x_wconf 82' lang='grc' dir='ltr'>ταῦτα</span> <span class='ocrx_word' id='word_1_269' title='bbox 1610 3095 1885 3172; x_wconf 81' lang='grc' dir='ltr'>ἔφρασαν.</span> 
     </span>
    </p>

    <p class='ocr_par' dir='ltr' id='par_1_9' title="bbox 469 3180 2085 3292">
     <span class='ocr_line' id='line_1_36' title="bbox 469 3180 2085 3292; baseline 0 -52"><span class='ocrx_word' id='word_1_270' title='bbox 469 3183 544 3242; x_wconf 79' lang='lat' dir='ltr'>Oc.</span> <span class='ocrx_word' id='word_1_271' title='bbox 583 3182 644 3242; x_wconf 79' lang='grc' dir='ltr'>δὲ</span> <span class='ocrx_word' id='word_1_272' title='bbox 685 3188 742 3242; x_wconf 92' lang='grc' dir='ltr'>ἐν</span> <span class='ocrx_word' id='word_1_273' title='bbox 785 3183 1065 3258; x_wconf 76' lang='grc' dir='ltr'>Σαλαμῖνι</span> <span class='ocrx_word' id='word_1_274' title='bbox 1083 3181 1381 3257; x_wconf 82' lang='grc' dir='ltr'>Ἕλληνες,</span> <span class='ocrx_word' id='word_1_275' title='bbox 1423 3180 1495 3244; x_wconf 79' lang='grc' dir='ltr'>ὥς</span> <span class='ocrx_word' id='word_1_276' title='bbox 1530 3187 1643 3257; x_wconf 89' lang='grc' dir='ltr'>σφι</span> <span class='ocrx_word' id='word_1_277' title='bbox 1671 3182 1989 3292; x_wconf 74' lang='grc' dir='ltr'>ἐξαγγέλθη</span> <span class='ocrx_word' id='word_1_278' title='bbox 2008 3183 2085 3241; x_wconf 89' lang='grc'>56</span> 
     </span>
    </p>

    <p class='ocr_par' dir='ltr' id='par_1_10' title="bbox 389 3267 1995 3352">
     <span class='ocr_line' id='line_1_37' title="bbox 389 3267 1995 3352; baseline 0 -24"><span class='ocrx_word' id='word_1_279' title='bbox 389 3294 462 3334; x_wconf 80' lang='grc' dir='ltr'>ως</span> <span class='ocrx_word' id='word_1_280' title='bbox 488 3269 624 3352; x_wconf 78' lang='grc' dir='ltr'>ἔσχε</span> <span class='ocrx_word' id='word_1_281' title='bbox 642 3296 714 3334; x_wconf 82' lang='grc' dir='ltr'>τα</span> <span class='ocrx_word' id='word_1_282' title='bbox 741 3269 872 3348; x_wconf 86' lang='grc' dir='ltr'>περὶ</span> <span class='ocrx_word' id='word_1_283' title='bbox 895 3269 1014 3344; x_wconf 77' lang='grc' dir='ltr'>τήν.</span> <span class='ocrx_word' id='word_1_284' title='bbox 1021 3269 1339 3346; x_wconf 83' lang='grc' dir='ltr'>Ἀθηναίων.</span> <span class='ocrx_word' id='word_1_285' title='bbox 1356 3267 1739 3345; x_wconf 81' lang='grc' dir='ltr'>οἷκρόπολιν,’</span> <span class='ocrx_word' id='word_1_286' title='bbox 1712 3295 1770 3334; x_wconf 91' lang='grc' dir='ltr'>ες</span> <span class='ocrx_word' id='word_1_287' title='bbox 1792 3272 1995 3330; x_wconf 79' lang='grc' dir='ltr'>τοσοῦ·</span> 
     </span>
    </p>
   </div>
   <div class='ocr_carea' id='block_1_2' title="bbox 2186 3261 2221 3282">
    <p class='ocr_par' dir='ltr' id='par_1_11' title="bbox 2186 3261 2221 3282">
     <span class='ocr_line' id='line_1_38' title="bbox 2186 3261 2221 3282; baseline 0 0"><span class='ocrx_word' id='word_1_288' title='bbox 2186 3261 2221 3282; x_wconf 69' lang='grc' dir='ltr'><em>Α</em></span> 
     </span>
    </p>
   </div>
  </div>
 </body>
</html>
