2259 3500
355 90 640 155 loa—107]
1006 90 1314 139 οτΡΑΝΙΔ.
1862 92 1955 139 261

358 169 511 247 παρὰ
538 168 646 250 γοὶρ
672 172 826 229 τοῖσι
849 162 1207 247 βαρβάροισι
1230 166 1551 247 τιμιώτεροί
1572 171 1685 228 εἶσι
1704 172 1757 228 οἶ
1779 166 1959 229 εὐνοῦ-

356 283 470 337 χοι,
497 259 720 320 πίστιος
745 258 926 317 εἵνεκα
951 260 1052 333 τῆς
1075 253 1281 330 πάσης,
1308 257 1419 314 τῶν
1439 254 1715 333 ἐνορχίων·
1748 254 1961 320 ἄλλους

357 370 420 405 τε
456 345 525 420 δή
553 344 586 404 ὁ
614 345 920 407 Πανιώνιος
951 343 1181 419 ἐξέταμε
1213 340 1479 412 πολλοῦς,
1510 340 1605 401 ἅτε
1636 343 1959 420 ποιεύμενος

358 435 420 490 ἐκ
444 430 644 492 τούτου
667 431 772 507 τὴν
798 431 946 506 ζόην,
975 430 1068 489 καὶ
1093 428 1163 505 δὴ
1192 428 1283 489 καὶ
1301 432 1516 491 τοῦτον·
1560 429 1653 488 καὶ
1673 428 1738 489 οὔ
1758 428 1869 511 γὰρ
1888 429 1961 491 τᾶ

355 519 540 580 πάντα
583 518 881 598 ἐδυστύχεε
917 518 950 579 ὅ
990 516 1345 595 Ἑρμότιμος,
1390 515 1706 579 ἀπικνέεται
1751 522 1813 577 ἐκ
1851 521 1960 579 τῶν

359 609 606 684 Σαρδίων
643 607 798 685 παρὰ
838 606 1094 683 βασιλέα
1128 604 1249 682 μετ’
1276 602 1469 664 ἄλλων
1504 604 1706 681 δώρων·
1753 606 1960 686 χρόνου

358 694 418 753 δὲ
443 694 751 771 προϊόντος,
777 694 998 755 πάντων
1022 697 1132 755 τῶν
1156 691 1427 772 εὐνούχων
1449 693 1681 771 ἐτιμήθη
1701 694 1958 772 μάλιστα

357 780 510 856 παρὰ
555 782 758 861 Ξέρξῃ.
838 782 936 845 Ὡς
971 782 1031 841 δὲ
1064 781 1132 841 τό
1171 779 1491 857 στράτευμα
1525 780 1592 841 τὸ
1631 782 1916 857 Περσικόν
1937 782 2051 842 106

357 866 506 944 ὅρμα
544 868 578 928 ὅ
617 868 896 946 βασιλεῦς
927 871 1020 929 ἐπὶ
1048 868 1149 931 τὰς
1180 867 1425 943 Ἀθήνας
1461 868 1562 929 ἐῶν
1606 874 1663 929 ἐν
1705 869 1957 946 Σάρδισι,

359 957 598 1016 ἐνθαῦτα
636 958 890 1033 καταβὰς
926 955 1068 1018 κατὰ
1104 954 1175 1031 δή
1211 980 1266 1015 τι
1302 959 1535 1037 πρῆγμα
1560 955 1594 1016 ὅ
1620 956 1957 1034 Ἑρμότιμος

357 1047 412 1107 ἐς
436 1048 544 1124 γῆν
567 1044 671 1120 τήν
693 1045 941 1120 Μυσίην,
962 1044 1066 1121 τήν
1085 1047 1219 1103 Χῖοι
1237 1044 1340 1120 μὲν
1361 1044 1637 1120 νέμονται,
1663 1044 1957 1122 Ἀταρνεῦς

357 1130 416 1190 δὲ
447 1132 722 1203 καλέεται,
763 1133 1007 1210 ευρίσκει
1047 1132 1147 1193 τᾶν
1188 1132 1499 1193 Πανιώνιον
1544 1134 1798 1193 ἐνθαῦτα·
1842 1139 1955 1193 ἐπι-

354 1244 520 1299 γνους
571 1219 632 1281 δὲ
683 1221 843 1303 ἔλεγε
894 1220 1034 1298 πρός
1089 1218 1257 1281 αυτὸν
1298 1220 1549 1284 πολλους
1590 1221 1683 1279 καὶ
1730 1222 1955 1297 φιλίους

355 1306 578 1387 λόγους,
633 1314 828 1385 πρῶτα
878 1310 983 1386 μέν
1031 1310 1084 1367 οἱ
1139 1308 1459 1388 καταλέγων
1512 1296 1623 1370 ὅσα
1677 1308 1841 1373 αὖτός
1885 1308 1953 1369 δι’

358 1398 565 1455 ἐκεῖνον
617 1397 736 1475 ἔχοι
789 1395 994 1477 αγαθα,
1037 1394 1265 1473 δεύτερα
1313 1395 1375 1455 δέ
1421 1398 1475 1455 οἱ
1516 1396 1957 1476 ὑπισχνεύμενος

357 1478 478 1541 α’ντὶ
530 1482 738 1543 τούτων
782 1482 894 1545 ὅσα
945 1508 1040 1561 μιν
1089 1482 1277 1563 ἀγαθοὶ
1320 1483 1562 1558 ποιήσει,
1607 1481 1677 1559 ἢν
1722 1484 1952 1561 κομισά-

355 1594 521 1645 μενος
550 1570 678 1634 τοῦς
709 1571 921 1635 οἰκέτας
954 1572 1104 1650 οἰκέῃ
1142 1572 1337 1649 ἐκείνῃ·
1380 1570 1525 1630 ὥστε
1550 1570 1957 1648 ὑποδεξάμενον

358 1654 604 1733 ἅσμενον
647 1657 777 1723 τοῦς
827 1658 1034 1739 λόγους
1085 1657 1184 1719 τᾶν
1240 1656 1567 1729 Πανιώνιον,
1605 1659 1837 1736 κομίσαι
1880 1660 1953 1720 τὰ

355 1745 520 1805 τέκνα
575 1746 668 1806 καὶ
717 1746 823 1824 τὴν
863 1752 1116 1830 γυναῖκα·
1180 1746 1251 1812 ῶς
1296 1745 1355 1806 δὲ
1398 1745 1507 1824 ἄρα
1555 1747 1811 1827 πανοικίῃ
1858 1775 1955 1825 μιν

357 1835 681 1912 περιέλαβε,
732 1837 889 1918 ἔλεγε
935 1836 966 1897 ὁ
1005 1835 1343 1914 Ἑρμότιμος
1384 1834 1534 1896 τάδε·
1590 1845 1625 1871 “
1643 1833 1685 1894 ὦ
1736 1835 1955 1898 πάντων

357 1918 566 1999 ἀνδρῶν
591 1921 698 2000 ἤδη
723 1922 980 2000 μάλιστα
996 1922 1090 1983 ἄπ’
1107 1924 1279 2006 ἔργων
1298 1922 1683 1984 ἀνοσιωτάτων
1702 1923 1801 1985 τόν
1820 1925 1953 2001 βίον

355 2009 684 2088 κτησάμενε,
712 2012 775 2073 τί
794 2012 865 2072 σὲ
891 2011 999 2093 ἐγῶ
1029 2011 1199 2072 κακόν
1233 2011 1269 2087 ἢ
1308 2010 1472 2074 αὐτὸς
1498 2009 1535 2087 ἢ
1559 2016 1670 2070 τῶν
1697 2015 1842 2089 ἐμῶν
1871 2039 1955 2075 τις

357 2098 637 2180 ἐργάσατο
671 2099 708 2176 ἢ
749 2102 835 2174 σὲ,
873 2100 910 2177 ἦ
938 2104 1048 2161 τῶν
1075 2105 1195 2161 σῶν
1220 2127 1359 2170 τινα,
1406 2100 1493 2160 ὅτι
1517 2127 1589 2178 με
1616 2097 1729 2160 ἀντ’
1758 2099 1953 2178 ἀνδρὸς

357 2188 624 2264 ἐποίησας
663 2187 730 2248 vd
770 2189 945 2266 μηδὲν
986 2189 1121 2248 εἶναι
1135 2214 1151 2258 ;
1202 2189 1411 2251 ἐδόκεές
1449 2214 1511 2248 τε
1553 2187 1713 2251 θεοῦς
1757 2187 1957 2264 λήσειν

359 2272 449 2332 οἶα
495 2279 752 2352 ἐμηχανῶ
795 2274 941 2335 τότε·
1001 2277 1061 2335 οἵ
1092 2302 1163 2336 σε
1198 2276 1513 2352 ποιήσαντα
1549 2275 1768 2348 ἀνόσια,
1807 2278 1955 2358 νόμῳ

359 2359 545 2440 δικαίῳ
570 2360 890 2438 χρεώμενοι,
917 2362 1211 2444 ὑπήγαγον
1239 2369 1294 2428 ἐς
1318 2365 1486 2442 χέρας
1506 2365 1605 2427 τὰς
1631 2366 1780 2442 ἐμοῖς,
1814 2365 1956 2426 ὥστε

358 2473 428 2506 σε
451 2447 532 2525 μνῆ
558 2449 896 2526 μέμψασθαι
927 2450 1030 2527 τὴν
1056 2450 1150 2510 ἀπ’
1179 2453 1309 2528 ἐμέο
1334 2478 1423 2511 τοι
1452 2453 1725 2529 ἐσομένην
1752 2453 1954 2530 δίκην.”

359 2533 430 2599 ῶς
470 2535 533 2594 δέ
567 2539 621 2596 οἱ
655 2541 830 2597 ταῦτα
875 2537 1140 2610 ὠνείδισε,
1183 2538 1461 2618 ἀχθέντων
1500 2543 1610 2599 τῶν
1650 2540 1859 2600 παίδων
1900 2545 1955 2604 ἐς

357 2620 500 2700 ὄψιν,
537 2623 876 2705 ἠναγκάζετο
919 2626 951 2686 ἆ
994 2626 1301 2690 Πανιώνιος
1340 2631 1448 2687 τῶν
1490 2625 1691 2686 ἐωυτοῧ
1727 2628 1953 2698 παίδων,

355 2712 640 2788 τεσσέρων
675 2712 888 2784 ἐόντων,
926 2715 998 2774 ‘rol
1034 2717 1215 2774 αἰδοῖα
1252 2714 1609 2791 α’ποτάμνειν·
1654 2713 1953 2794 ἀναγκαζό-

354 2826 520 2876 μενος
547 2801 604 2860 δὲ
634 2802 814 2861 ἐποίεε
833 2805 1024 2860 ταῦτα·
1069 2801 1239 2861 αὐτοῦ
1257 2828 1335 2873 τε,
1358 2802 1428 2865 ὥς
1453 2806 1627 2863 ταῦτα
1656 2801 1952 2882 ἐργάσατο,

357 2890 412 2947 οἱ
436 2889 628 2951 παῖδες
665 2887 1100 2970 ἀναγκαζόμενοι
1132 2888 1466 2966 ἀπέταμνον·
1511 2889 1821 2950 Πανιώνιον
1850 2889 1955 2966 μέν

357 3001 453 3036 νυν
479 2975 620 3036 οὕτω
646 2976 918 3053 περιῆλθε
943 2975 979 3053 ἥ
1005 3002 1066 3036 τε
1089 2977 1241 3040 τίσις
1268 2978 1359 3034 καὶ
1386 2977 1417 3036 ὁ
1442 2976 1798 3053 Ἑρμότιμος.
1830 2973 1933 3052 ff

430 3065 639 3141 Ξέρξης
679 3064 738 3123 δὲ
772 3063 841 3127 ὥς
876 3063 1006 3128 τοῦς
1043 3064 1246 3127 παῖδας
1285 3063 1612 3142 Ἀρτεμισίῃ
1645 3063 1913 3144 ἐπέτρεψε
1935 3069 2048 3128 107

355 3151 591 3235 ἀπάγειν
619 3158 674 3216 ἐς
689 3151 965 3228 Ἔφεσον,
995 3153 1243 3215 καλέσας
1268 3150 1587 3226 Μαρδόνιον
1615 3152 1835 3211 ἐκέλευέ
1857 3180 1954 3228 μιν

354 3244 456 3318 Τἣς
495 3239 764 3321 στρατιῆς
805 3239 1081 3319 διαλέγειν
1125 3239 1255 3302 τοῦς
1291 3237 1581 3313 βούλεται,
1620 3241 1709 3296 καὶ
1751 3241 1955 3301 ποιέειν

403 3323 618 3373 ῙῙ.-21’
