2259 3500
367 139 614 203 99-102]
1037 137 1341 187 OTPANIA.
1859 128 1952 187 2‘59

365 218 414 279 δ’
447 217 557 296 ἄρα
588 243 676 280 τοι
703 216 1086 296 βεβούλευται
1120 216 1289 277 αύτὸν
1314 215 1697 278 ἀπελαύνοντα
1723 216 1959 298 ἀπάγειν

363 306 470 382 τήν
500 305 787 383 στρατιήν,
824 305 1010 381 ἀλλην
1043 306 1151 384 ἔχω
1184 305 1277 364 καὶ
1312 310 1373 363 ἐκ
1408 305 1578 365 τῶνδε
1601 305 1841 381 βουλήν·
1884 304 1960 364 σι)

367 395 613 472 Πέρσας,
628 396 895 469 βασιλεῦ,
921 394 1003 470 μὴ
1030 392 1276 471 ποιήσῃς
1296 392 1749 473 καταγελάστους
1772 394 1959 474 γενέσ-

365 484 462 543 θαι
476 481 750 558 Ἕλλησι·
791 480 949 542 οὐδὲν
971 481 1081 562 γὰρ
1111 486 1169 541 ἐν
1194 485 1345 540 τοῖσι
1373 482 1640 560 Πέρσῃσι
1666 480 1963 556 δεδήληται

362 573 474 631 τῶν
513 568 868 650 πρηγμάτων,
907 567 1055 646 οῦδὲ,
1075 572 1214 645 ἐρεῖς
1258 568 1389 629 ὅκου
1432 568 1733 650 ἐγενόμεθα
1773 567 1963 646 ἄνδρες

367 660 545 719 κακοί·
597 662 644 717 εἰ
677 658 739 717 δὲ
775 658 1021 721 Φοίνικές
1046 684 1108 718 τε
1138 658 1229 717 καὶ
1255 656 1553 739 Αἰγύπτιοι
1590 658 1682 715 καὶ
1718 657 1969 736 Κύπριοί

366 772 430 807 τε
465 747 557 805 καὶ
594 746 826 809 Κίλικες
859 747 1018 805 κακοὶ
1051 747 1321 828 ἐγένοντο,
1362 744 1518 806 οὐδὲν
1559 745 1699 822 πρός
1730 747 1964 823 Πέρσας

367 838 532 893 τοῦτο
551 832 827 911 προσήκει
845 833 912 893 τό
937 832 1135 896 πάθος
1192 832 1361 910 ’ᾔδη’
1322 860 1410 904 ων,
1434 833 1621 909 ἐπειδὴ
1650 832 1714 892 ού
1742 835 1965 910 Πέρσαι

367 944 456 979 τοι
481 921 654 980 αἴτιοί
674 925 800 991 εἰσι,
829 926 952 998 ἐμοι
931 921 1182 981 πείθεο·
1219 922 1269 981 εἴ
1290 947 1378 981 τοι
1404 921 1655 981 δέδοκται
1680 920 1760 997 μή
1786 946 1963 997 παρα-

366 1009 566 1085 μένειν,
610 1006 684 1067 σι)
717 1010 822 1085 μὲν
865 1013 920 1072 ἐς
965 1008 1104 1085 ἤθεα
1148 1008 1221 1069 τοὶ
1263 1012 1507 1070 σεωυτοῦ
1549 1008 1825 1068 ἀπέλαυνε
1866 1012 1967 1083 τῆς

367 1102 635 1175 στρατιῆς
665 1096 904 1178 ἀπάγων
940 1124 1008 1157 το
1047 1095 1291 1157 πολλόν·
1341 1100 1437 1173 ἐμε
1478 1096 1541 1155 δέ
1573 1123 1669 1157 σοι
1708 1096 1820 1176 χρὴ
1861 1096 1965 1172 τὴν

367 1182 619 1244 Ἑλλάδα
645 1188 964 1265 παρασχεῖν
995 1184 1423 1260 δεδουλωμένην,
1450 1184 1749 1262 τριήκοντα
1772 1182 1963 1261 μυριά-

367 1270 464 1337 δας
493 1277 592 1333 rof>
629 1278 875 1352 στρατοῦ
908 1271 1379 1350 ἀπολεξάμενον.”
1459 1277 1647 1332 Ταῦτα
1682 1270 1926 1336 ἀκούσας
1945 1272 2055 1331 101

367 1361 578 1437 Ξέρξης
615 1361 686 1424 ὥς
712 1367 772 1421 ἐκ
800 1364 980 1421 κακῶν
1007 1360 1182 1441 ἐχάρη
1217 1386 1279 1420 τε
1308 1360 1401 1419 καὶ
1426 1359 1597 1436 ἥσθη·
1640 1359 1779 1437 πρός
1806 1366 1967 1437 Μαρ-

369 1446 551 1506 δόνιόν
575 1474 655 1518 τε,
684 1448 1143 1525 βουλευσάμενος
1181 1448 1291 1523 ἔφη
1328 1446 1750 1524 ἀποκρινεῖσθαι
1782 1446 1968 1508 ὁκότε-

367 1559 466 1611 ρον
491 1536 718 1611 ποιήσει
742 1536 968 1597 τούτων·
1011 1535 1081 1599 ὦς
1108 1536 1167 1595 δὲ
1194 1533 1527 1611 ἐβουλεύετο
1556 1534 1673 1612 ἅμα
1700 1535 1969 1610 Περσέων

367 1624 520 1681 τοῖσι
556 1622 924 1699 ἐπικλήτοισι,
954 1622 1108 1693 ἔδοξέ
1140 1624 1193 1681 οἱ
1232 1622 1323 1680 καὶ
1358 1620 1771 1699 Ἀρτεμισίην’
1745 1648 1799 1684 ες
1826 1647 1968 1699 συμ-

366 1709 610 1787 βουλίην
662 1711 1150 1791 μεταπεμψασθαι,
1224 1708 1311 1771 ὅτι
1366 1709 1637 1787 πρότερον
1707 1710 1967 1786 ἐφαίνετο

366 1795 545 1874 μούνη
595 1799 832 1860 νοέουσα
874 1801 948 1859 τα
994 1800 1227 1876 ποιητέα
1278 1796 1367 1875 ἦν·
1427 1797 1497 1862 ὦς
1544 1797 1603 1856 δὲ
1651 1797 1879 1857 ἀπίκετο
1930 1799 1971 1874 ἦ

367 1883 713 1964 Ἀρτεμισίη,
755 1887 1253 1966 μεταστησάμενος
1291 1913 1421 1950 τους
1459 1885 1686 1957 αλλους,
1722 1884 1861 1948 τούς
1906 1911 1969 1947 τε

368 1975 734 2052 συμβούλους
778 1977 1043 2054 Περσέων
1097 1976 1189 2034 καὶ
1239 1975 1367 2038 τούς
1408 1973 1766 2052 δορυφόρους,
1816 1973 1970 2042 ἔλεξε

368 2063 578 2141 Ξέρξης
596 2063 747 2124 τάδε·
777 2074 812 2100 “
829 2063 1040 2123 κελεύει
1059 2089 1132 2141 με
1154 2062 1483 2140 Μαρδόνιος,
1514 2062 1753 2139 μένοντα
1780 2058 1967 2130 αυτοῦ,

367 2153 670 2228 πειρᾶσθαι
695 2156 797 2229 τῆς
816 2151 1283 2226 Πελοποννήσου·
1316 2149 1565 2232 λέγων”
1524 2175 1595 2212 ως
1619 2174 1719 2227 μοι
1750 2151 1969 2226 Πέρσαι

368 2263 432 2298 τε
475 2239 567 2297 καὶ
609 2239 642 2298 ὅ
683 2239 850 2310 πεζὰς
890 2264 1134 2315 στρατος
1183 2237 1401 2302 οὐδενος
1442 2239 1715 2314 μεταίτιοι
1761 2236 1968 2302 πάθεός

371 2328 499 2393 εἰσι,
542 2322 694 2387 ἀλλά
738 2325 1148 2403 βουλομένοισί
1191 2332 1301 2400 σφι
1336 2325 1536 2406 γένοιτ’
1583 2325 1652 2385 ἂν
1693 2325 1969 2396 ἀπόδεξις

373 2413 470 2485 ἐμὲ
495 2409 570 2471 ὦν
593 2410 630 2486 ἢ
656 2417 832 2472 ταῦτα
871 2412 1082 2471 κελεύει
1105 2413 1330 2482 ποιέειν,
1357 2411 1395 2489 ἢ
1422 2412 1589 2476 αὖτός
1614 2413 1793 2472 ἐθέλει
1817 2411 1966 2490 τριή-

372 2522 540 2557 κοντα
580 2499 848 2576 μυριάδας
889 2498 1305 2576 ἀπολεξάμενος
1347 2505 1449 2562 τοῦ
1497 2504 1743 2578 στρατοῦ
1789 2526 1965 2578 παρα-

370 2589 534 2663 σχεῖν
565 2611 664 2662 μοι
697 2586 800 2662 τὴν
833 2586 1087 2646 Ἑλλάδα
1127 2587 1557 2665 δεδουλωμένην·
1600 2586 1769 2647 αύτόν
1800 2587 1863 2646 δέ
1894 2613 1967 2662 με

373 2672 584 2731 κελεύει
610 2673 938 2736 ἀπελαύνειν
962 2673 1071 2735 σῦν
1096 2678 1175 2754 τῷ
1198 2678 1380 2752 λοιπῷ
1407 2678 1629 2752 στρατῷ
1655 2678 1711 2736 ἐς
1735 2672 1875 2748 ἤθεα
1898 2673 1971 2732 τοὶ

371 2758 496 2836 ἐμά.
580 2761 656 2821 σύ
695 2761 769 2821 ὧν
799 2763 940 2840 ἐμοὶ,
979 2763 1070 2821 καὶ
1102 2761 1217 2844 γάρ
1246 2762 1375 2840 περὶ
1415 2766 1517 2837 τῆς
1558 2759 1867 2838 ναυμαχίης
1910 2758 1971 2819 εῧ

370 2848 826 2926 συνεβούλευσας
855 2854 958 2926 τῆς
996 2851 1295 2931 γενομένης
1336 2847 1436 2909 οὔκ
1479 2853 1629 2909 ἐῶσα
1660 2847 1971 2931 ποιέεσθαι,

368 2938 466 2996 νῦν
505 2963 568 2998 τε
613 2937 1052 3016 συμβούλευσον
1096 2936 1329 3015 ὁκότερα
1375 2937 1575 2996 ποιέων
1624 2934 1863 3014 ἐπιτύχω
1912 2931 1973 2993 εῧ

367 3023 878 3103 βουλευσάμενος.”
943 3023 1016 3084 Ὁ
1040 3026 1147 3102 μὲν
1175 3028 1353 3084 ταῦτα
1390 3021 1851 3098 συνεβουλεύετο·
1893 3021 1931 3097 ἦ
1953 3024 2067 3082 102

369 3109 430 3168 δὲ
469 3115 626 3194 λέγει
665 3113 815 3172 τάδε·
873 3121 910 3148 “
924 3112 1193 3187 βασιλεῦ,
1234 3107 1489 3188 χαλεπόν
1520 3110 1623 3184 μέν
1666 3113 1790 3168 ἐστι
1830 3134 1971 3187 συμ-

367 3200 762 3280 βουλευομένῳ
796 3202 986 3278 τυχεῖν
1017 3197 1089 3258 vd
1122 3196 1327 3274 ἄριστα
1360 3195 1617 3256 εἴπασαν·
1660 3196 1752 3255 ἐπὶ
1782 3196 1971 3272 μέντοι

365 3290 524 3348 τοῖσι
559 3287 868 3364 κατήκουσι
899 3283 1214 3365 πρήγμασι,
1242 3282 1419 3342 δοκέει
1452 3305 1552 3358 μοι
1578 3280 1747 3342 αύτὸν
1771 3283 1875 3360 μέν
1901 3308 1971 3342 σε
