2259 3500
396 133 613 199 14-16]
1015 130 1387 186 nonum.
1919 137 2010 185 129

397 212 500 287 τήν
530 210 672 290 ἐμήν
705 210 912 288 σκευήν
944 215 1156 280 πᾶσαν,
1185 212 1278 270 καὶ
1311 211 1464 276 ἐνδῦς
1499 212 1644 290 μετοῖ
1670 215 1838 273 τοῦτο
1867 214 2009 285 ἵζοιο

399 299 456 364 ἔς
502 300 603 360 τᾶν
647 300 781 376 ἐμόν
824 298 1037 376 θρόνον,
1083 300 1176 359 καὶ
1222 300 1412 359 ἔπειτα
1459 306 1518 360 ἐν
1565 301 1724 380 κοίτῃ
1775 304 1848 379 τῇ
1901 306 2011 381 ἐμῇ

399 386 863 451 «ammonas-f
934 387 1147 465 Ξέρξης
1171 388 1275 464 μὲν
1308 388 1486 448 ταῦτά
1514 392 1568 448 οἱ
1595 390 1772 470 atys·
1812 389 2010 466 Ἀρτά-
2033 392 2106 449 16

398 478 575 553 βανος
600 476 660 535 δὲ
687 475 753 536 ου’
776 479 855 555 τῷ
880 474 1080 555 πρώτῳ
1108 479 1164 535 οἶ.
1191 474 1532 553 κελεύσματι
1559 475 1888 554 πειθόμενος
1916 477 2009 536 οἷα

399 564 498 624 οὐκ
552 563 872 642 ἀξιεύμενος
915 568 969 627 ἐς
1009 563 1111 623 τόν
1157 562 1473 641 βασιλήϊον
1517 564 1718 641 θρόνον
1773 565 2010 636 ἵζεσθαι,

396 653 561 716 τέλος
587 652 658 715 ὥς
684 650 1043 732 ἠναγκάζετο,
1074 653 1233 714 εἶπας
1257 650 1389 710 τάδε
1419 651 1598 710 ἐποίεε
1622 651 1690 712 τό
1719 652 2010 730 κελευόμε-

400 766 513 800 νον·
598 750 632 775 “
650 740 781 801 ἶσον
813 742 1008 809 ἐκεῖνο,
1036 738 1077 799 ὦ
1112 741 1384 817 βασιλεῦ,
1422 738 1552 816 παρ’
1590 740 1715 816 ἐμοὶ
1752 742 2012 817 κέκριται,

402 830 661 904 φρονέειν
694 853 755 888 τε
794 826 853 887 εὖ
892 826 985 885 καὶ
1019 830 1097 907 τῷ
1132 828 1359 907 λέγοντι
1392 826 1620 906 χρηστᾶ
1657 828 1870 887 ἐθέλειν
1896 830 2012 887 πεί-

403 916 622 976 θεσθαι·
663 914 737 976 ra*
767 918 837 975 σὲ
866 915 956 974 καὶ
984 913 1284 991 ἀμφότερα
1318 914 1670 991 περιήκοντα,
1709 912 2012 992 α’νθρῶπων

400 1008 583 1063 κακῶν
625 1003 844 1081 ὁμιλίαι
893 1002 1253 1078 σφάλλουσι·
1305 1002 1446 1063 κατά
1489 1028 1594 1080 περ
1636 1001 1742 1078 τήν
1793 1002 2014 1063 πάντων

398 1092 831 1170 χρησιμωτάτην
853 1090 1200 1167 ἀνθρώποισι
1222 1090 1523 1151 θάλασσαν
1550 1089 1837 1169 πνεύματά
1864 1099 2016 1168 φασι

400 1178 615 1257 οἷνέμων
658 1180 1019 1257 ἐμπίπτοντα,
1065 1178 1130 1238 οὖ
1171 1184 1437 1257 περιορᾶν
1480 1178 1655 1256 φύσει
1695 1184 1768 1259 τῇ
1813 1182 2017 1257 ἑωυτῆς

398 1270 669 1345 χρῆσθαι.
753 1270 850 1345 ἐμὲ
899 1266 958 1325 δὲ
1000 1265 1321 1327 ἀκούσαντα
1366 1268 1508 1345 πρός
1554 1270 1659 1327 σεῦ
1715 1271 1894 1331 κακῶς
1949 1266 2016 1326 ού

400 1359 646 1416 τοσοῦτο
701 1354 859 1415 ἔδακε
911 1354 1085 1431 λύπη,
1141 1353 1297 1426 ὅσον,
1351 1357 1612 1437 γνωμέων
1659 1354 1756 1416 δύο
1796 1381 2013 1432 προκει-

400 1446 607 1521 μενέων
634 1444 1097 1522 Πέρσῃσι,-τὴ“ς
1121 1444 1226 1519 μὲν
1251 1442 1418 1519 ὕβριν
1445 1442 1791 1519 αὐξανούσης
1815 1446 1917 1519 τῆς
1943 1442 2004 1502 δὲ

403 1530 848 1607 καταπαυούσης,
878 1530 971 1589 καὶ
996 1529 1281 1611 λεγούσης
1307 1528 1377 1591 ὥς
1416 1530 1585 1590 κακόν
1614 1531 1696 1606 εἴη
1725 1529 2008 1590 διδάσκειν

408 1619 513 1694 τὴν
540 1618 726 1697 ψυχὴν
753 1618 930 1679 πλέον
956 1644 1012 1677 τι
1040 1617 1301 1694 δίζησθαι
1338 1619 1445 1675 αἰεὶ
1480 1619 1625 1697 ἔχειν
1656 1621 1756 1677 τοῦ
1783 1618 2016 1696 παρεόν·

402 1705 887 1779 τος,-τοιουτέων
907 1705 1309 1783 προκειμενέων
1335 1706 1609 1786 γνωμέων,
1633 1705 1720 1765 ὅτι
1737 1705 1842 1781 τήν
1862 1710 2014 1782 σφα·-

402 1795 715 1875 λερωτέρην
748 1798 971 1873 σεωυτῷ
1008 1819 1070 1853 τε
1097 1795 1190 1852 καὶ
1217 1793 1486 1872 Πέρσῃσι
1517 1792 1756 1871 οἷναίρεο·
1799 1795 1896 1853 νῦν
1924 1793 2014 1864 ὧν,

405 1883 595 1960 ἐπειδὴ
634 1883 906 1962 τέτραψαι
952 1881 1044 1941 ἐπὶ
1077 1882 1182 1957 τήν
1224 1880 1445 1958 ἀμείνω,
1488 1881 1600 1960 φῄς
1639 1907 1728 1940 τοι
1767 1881 2011 1958 μετιέντι

401 1975 501 2034 τὸν
546 1973 631 2033 ἐπ’
668 1973 959 2048 Ἕλληνας
1004 1970 1221 2031 στόλον
1268 1974 1567 2046 ἐπιφοιτᾶν
1613 1968 1825 2047 ὄνειρον
1882 1970 2013 2029 θεοῦ

401 2087 549 2126 τινος
589 2065 807 2140 πομπῇ,
836 2086 935 2120 ουκ
979 2057 1156 2119 ἐῶντα
1194 2084 1264 2118 σε
1306 2057 1605 2117 καταλύειν
1643 2057 1741 2117 τόν
1777 2054 2012 2116 στόλον·

405 2149 535 2208 ἀλλ’
565 2148 690 2209 σῦδε
726 2148 906 2208 ταῦτα
943 2153 1085 2218 ἐστι,
1113 2174 1157 2204 ω
1193 2149 1312 2215 παῖ,
1341 2146 1482 2205 θεῖα·
1533 2145 1758 2205 ἐνύπνια
1793 2171 1904 2226 γαρ
1941 2170 2014 2204 τα

408 2242 462 2299 ἐς
486 2236 809 2314 ἅνθρωπους
844 2235 1247 2311 πεπλανημένα
1281 2233 1512 2293 τοιαῦτά
1538 2237 1663 2293 ἐστι
1690 2232 1784 2292 οἷσῖ
1810 2258 1880 2292 σε
1907 2231 2016 2314 ἐγω

408 2323 623 2393 διδάξω,
667 2327 817 2383 ἔτεσι
866 2327 968 2383 σεῦ
1010 2326 1288 2382 πολλοῖσι
1327 2321 1714 2399 πρεσβύτερος
1755 2320 1876 2380 ἐων·
1919 2347 2011 2378 πε-

408 2412 736 2487 πλανῆσθαι
764 2407 927 2470 αὗται
952 2410 1213 2487 μάλιστα
1241 2410 1449 2469 ἐώθασι
1477 2412 1534 2468 αἱ
1560 2408 1715 2488 ὄψιες
1740 2413 1852 2487 τῶν
1879 2409 2014 2469 ὄνει·

409 2497 604 2574 ράτων,
640 2499 711 2558 τά
751 2525 835 2562 τις
874 2498 1083 2576 ἡμέρης
1121 2498 1423 2575 φροντίζει·
1472 2497 1632 2576 ἡμεῖς
1673 2497 1731 2556 δὲ
1770 2497 1872 2560 τσῖς
1907 2497 2017 2574 πρὸ

410 2589 510 2644 τοῦ
544 2585 753 2664 ἡμέρας
787 2586 995 2664 ταύτην
1029 2585 1136 2661 τήν
1175 2586 1602 2664 στρατηλασίην
1631 2586 1722 2644 καὶ
1748 2586 1812 2646 τό
1843 2585 2018 2662 κάρτα

412 2673 633 2751 εἴχομεν
651 2675 794 2752 μετὰ
812 2679 1023 2755 χεῖρας·
1067 2674 1196 2733 εἰδὲ
1220 2672 1328 2751 ἄρα
1352 2673 1433 2751 μή
1465 2675 1586 2733 ἔστι
1612 2678 1777 2734 τοῦτο
1797 2678 2018 2733 τοιοῦτο

411 2760 529 2821 οἷον
556 2762 663 2844 ἐγῶ
690 2763 920 2842 διαιρέω,
952 2761 1107 2822 ἀλλά
1134 2788 1191 2822 τι
1215 2765 1314 2821 τοῦ
1354 2764 1484 2823 θεοῦ
1519 2763 1774 2841 μετέχον,
1803 2761 1877 2819 σύ
1903 2765 2016 2822 πᾶν

411 2848 577 2914 αύτός
612 2852 926 2927 συλλαβῶν
963 2852 1200 2928 εἴρηκας·
1245 2850 1476 2926 φανήτω
1514 2850 1622 2932 γὰρ
1659 2850 1726 2925 δὴ
1765 2848 1857 2906 καὶ
1894 2850 2019 2924 ἐμοὶ

412 2936 481 3001 ὥς
510 2939 602 2998 καὶ
630 2941 726 2998 σοὶ
752 2938 1228 3016 διακελευόμενον.
1270 2943 1515 3015 φανῆναι
1535 2938 1594 2997 δὲ
1615 2935 1770 2997 οὐδὲν
1790 2936 2019 3013 μᾶλλόν

411 3053 510 3103 μοι
549 3027 774 3104 ὀφείλει
814 3029 1001 3108 ἔχοντι
1037 3027 1142 3105 τήν
1183 3026 1297 3104 σήν
1337 3027 1552 3102 ἐσθῆτα
1592 3023 1629 3101 ἦ
1671 3024 1734 3084 ού
1778 3023 1870 3082 καὶ
1915 3023 2018 3100 τήν

413 3116 571 3193 ἐμήν·
620 3115 748 3177 οὐδέ
781 3143 835 3177 τι
870 3119 1097 3192 μᾶλλον
1136 3121 1194 3176 ἐν
1229 3116 1386 3194 κοίτῃ
1413 3117 1486 3193 τῇ
1513 3118 1594 3192 σῇ
1621 3113 2020 3193 ἀναπαυομένῳ

409 3201 447 3280 ἢ
474 3205 539 3265 οὗ
588 3207 680 3266 καὶ
724 3211 783 3268 ἐν
828 3209 901 3284 τῇ
951 3209 1077 3284 ἐμῇ·
1139 3205 1290 3280 εἴπερ
1343 3228 1409 3283 γε
1465 3201 1555 3259 καὶ
1609 3200 1796 3265 ἄλλως
1838 3201 2020 3261 ἐθέλει

410 3299 676 3372 φανῆναι·
720 3295 785 3358 ού
823 3293 935 3377 γᾶρ
978 3291 1046 3369 δή
1090 3298 1146 3355 ἐς
1184 3289 1426 3351 τοσοῦτό
1456 3313 1522 3368 γε
1551 3285 1802 3367 εὐηθείης
1827 3290 1966 3366 α’,νήκ
