<?xml version="1.0" encoding="UTF-8"?>
<!DOCTYPE html PUBLIC "-//W3C//DTD XHTML 1.0 Transitional//EN"
    "http://www.w3.org/TR/xhtml1/DTD/xhtml1-transitional.dtd">
<html xmlns="http://www.w3.org/1999/xhtml" xml:lang="en" lang="en">
 <head>
  <title>
</title>
<meta http-equiv="Content-Type" content="text/html;charset=utf-8" />
  <meta name='ocr-system' content='tesseract 3.04.00' />
  <meta name='ocr-capabilities' content='ocr_page ocr_carea ocr_par ocr_line ocrx_word'/>
</head>
<body>
  <div class='ocr_page' id='page_1' title='image "./herodotus18herogoog/herodotus18herogoog_0203.png"; bbox 0 0 2259 3500; ppageno 0'>
   <div class='ocr_carea' id='block_1_1' title="bbox 313 104 2051 3324">
    <p class='ocr_par' dir='ltr' id='par_1_1' title="bbox 313 104 2051 3324">
     <span class='ocr_line' id='line_1_1' title="bbox 355 104 1957 171; baseline -0.002 -12"><span class='ocrx_word' id='word_1_1' title='bbox 355 106 638 171; x_wconf 79' lang='lat'><strong>177-183]</strong></span> <span class='ocrx_word' id='word_1_2' title='bbox 963 104 1335 155; x_wconf 71' lang='lat' dir='ltr'>noArMmA.</span> <span class='ocrx_word' id='word_1_3' title='bbox 1861 106 1957 155; x_wconf 84' lang='lat'>195</span> 
     </span>
     <span class='ocr_line' id='line_1_2' title="bbox 357 183 1959 265; baseline -0.002 -18"><span class='ocrx_word' id='word_1_4' title='bbox 357 189 474 251; x_wconf 98' lang='grc' dir='ltr'>νέες</span> <span class='ocrx_word' id='word_1_5' title='bbox 503 188 652 263; x_wconf 86' lang='grc' dir='ltr'>τρεῖς</span> <span class='ocrx_word' id='word_1_6' title='bbox 675 183 1018 260; x_wconf 79' lang='grc' dir='ltr'>Ἑλληνίδες,</span> <span class='ocrx_word' id='word_1_7' title='bbox 1046 184 1343 261; x_wconf 83' lang='grc' dir='ltr'>Τροιζηνίη</span> <span class='ocrx_word' id='word_1_8' title='bbox 1368 208 1431 243; x_wconf 88' lang='grc' dir='ltr'>τε</span> <span class='ocrx_word' id='word_1_9' title='bbox 1462 183 1555 243; x_wconf 86' lang='grc' dir='ltr'>καὶ</span> <span class='ocrx_word' id='word_1_10' title='bbox 1580 184 1839 265; x_wconf 77' lang='grc' dir='ltr'>Αἰγιναίη</span> <span class='ocrx_word' id='word_1_11' title='bbox 1866 184 1959 243; x_wconf 84' lang='grc' dir='ltr'>καὶ</span> 
     </span>
     <span class='ocr_line' id='line_1_3' title="bbox 355 268 1956 350; baseline -0.002 -17"><span class='ocrx_word' id='word_1_12' title='bbox 355 271 604 349; x_wconf 85' lang='grc' dir='ltr'>Ἀττική·</span> <span class='ocrx_word' id='word_1_13' title='bbox 645 272 964 350; x_wconf 76' lang='grc' dir='ltr'>προϊδόντες</span> <span class='ocrx_word' id='word_1_14' title='bbox 1001 271 1060 330; x_wconf 81' lang='grc' dir='ltr'>δὲ</span> <span class='ocrx_word' id='word_1_15' title='bbox 1099 268 1253 331; x_wconf 81' lang='grc' dir='ltr'>οὗτοι</span> <span class='ocrx_word' id='word_1_16' title='bbox 1286 270 1388 333; x_wconf 69' lang='grc' dir='ltr'>τοῖς</span> <span class='ocrx_word' id='word_1_17' title='bbox 1428 271 1553 333; x_wconf 84' lang='grc' dir='ltr'>νέας</span> <span class='ocrx_word' id='word_1_18' title='bbox 1591 274 1701 331; x_wconf 90' lang='grc' dir='ltr'>τῶν</span> <span class='ocrx_word' id='word_1_19' title='bbox 1730 271 1956 348; x_wconf 83' lang='grc' dir='ltr'>βαρβά-</span> 
     </span>
     <span class='ocr_line' id='line_1_4' title="bbox 353 357 2051 440; baseline -0.001 -21"><span class='ocrx_word' id='word_1_20' title='bbox 353 388 482 439; x_wconf 86' lang='grc' dir='ltr'>ρων,</span> <span class='ocrx_word' id='word_1_21' title='bbox 519 366 575 424; x_wconf 84' lang='grc' dir='ltr'>ἐς</span> <span class='ocrx_word' id='word_1_22' title='bbox 612 358 799 440; x_wconf 67' lang='grc' dir='ltr'>φυγὴν</span> <span class='ocrx_word' id='word_1_23' title='bbox 835 358 1120 436; x_wconf 74' lang='grc' dir='ltr'>ὥρμησαν·</span> <span class='ocrx_word' id='word_1_24' title='bbox 1176 357 1292 434; x_wconf 78' lang='grc' dir='ltr'>Τήν</span> <span class='ocrx_word' id='word_1_25' title='bbox 1326 359 1431 435; x_wconf 73' lang='grc' dir='ltr'>μὲν</span> <span class='ocrx_word' id='word_1_26' title='bbox 1464 358 1532 433; x_wconf 72' lang='grc' dir='ltr'>δὴ</span> <span class='ocrx_word' id='word_1_27' title='bbox 1570 360 1909 435; x_wconf 83' lang='grc' dir='ltr'>Τροιζηνίην,</span> <span class='ocrx_word' id='word_1_28' title='bbox 1938 362 2051 418; x_wconf 86' lang='grc'>180</span> 
     </span>
     <span class='ocr_line' id='line_1_5' title="bbox 354 445 1958 526; baseline -0.001 -17"><span class='ocrx_word' id='word_1_29' title='bbox 354 454 454 523; x_wconf 79' lang='grc' dir='ltr'>τῆς</span> <span class='ocrx_word' id='word_1_30' title='bbox 479 448 619 526; x_wconf 86' lang='grc' dir='ltr'>ἦρχε</span> <span class='ocrx_word' id='word_1_31' title='bbox 650 446 950 522; x_wconf 81' lang='grc' dir='ltr'>Πρηξῖνος,</span> <span class='ocrx_word' id='word_1_32' title='bbox 981 445 1179 506; x_wconf 73' lang='grc' dir='ltr'>αὐτίκα</span> <span class='ocrx_word' id='word_1_33' title='bbox 1214 447 1467 524; x_wconf 76' lang='grc' dir='ltr'>αἱρέουσι</span> <span class='ocrx_word' id='word_1_34' title='bbox 1502 446 1867 523; x_wconf 82' lang='grc' dir='ltr'>ἐπισπόμενοι</span> <span class='ocrx_word' id='word_1_35' title='bbox 1905 450 1958 507; x_wconf 83' lang='grc' dir='ltr'>οῖ</span> 
     </span>
     <span class='ocr_line' id='line_1_6' title="bbox 353 532 1955 613; baseline 0.001 -20"><span class='ocrx_word' id='word_1_36' title='bbox 353 535 666 613; x_wconf 87' lang='grc' dir='ltr'>βάρβαροι·</span> <span class='ocrx_word' id='word_1_37' title='bbox 735 534 829 593; x_wconf 81' lang='grc' dir='ltr'>καὶ</span> <span class='ocrx_word' id='word_1_38' title='bbox 881 534 1070 593; x_wconf 84' lang='grc' dir='ltr'>ἔπειτα</span> <span class='ocrx_word' id='word_1_39' title='bbox 1124 538 1234 593; x_wconf 90' lang='grc' dir='ltr'>τῶν</span> <span class='ocrx_word' id='word_1_40' title='bbox 1287 533 1597 609; x_wconf 82' lang='grc' dir='ltr'>ἐπιβατέων</span> <span class='ocrx_word' id='word_1_41' title='bbox 1644 532 1813 610; x_wconf 73' lang='grc' dir='ltr'>αὐτῆς</span> <span class='ocrx_word' id='word_1_42' title='bbox 1858 536 1955 595; x_wconf 85' lang='grc' dir='ltr'>τόν</span> 
     </span>
     <span class='ocr_line' id='line_1_7' title="bbox 355 620 1958 701; baseline -0.001 -20"><span class='ocrx_word' id='word_1_43' title='bbox 355 622 800 681; x_wconf 78' lang='grc' dir='ltr'>καλλιστεύοντα</span> <span class='ocrx_word' id='word_1_44' title='bbox 835 620 1138 701; x_wconf 76' lang='grc' dir='ltr'>ἀγαγόντες</span> <span class='ocrx_word' id='word_1_45' title='bbox 1172 621 1265 680; x_wconf 77' lang='grc' dir='ltr'>ἐπὶ</span> <span class='ocrx_word' id='word_1_46' title='bbox 1303 624 1403 696; x_wconf 83' lang='grc' dir='ltr'>τῆς</span> <span class='ocrx_word' id='word_1_47' title='bbox 1433 621 1655 698; x_wconf 83' lang='grc' dir='ltr'>πρώρης</span> <span class='ocrx_word' id='word_1_48' title='bbox 1688 626 1788 698; x_wconf 75' lang='grc' dir='ltr'>τῆς</span> <span class='ocrx_word' id='word_1_49' title='bbox 1829 622 1958 698; x_wconf 75' lang='grc' dir='ltr'>νηός</span> 
     </span>
     <span class='ocr_line' id='line_1_8' title="bbox 357 707 1955 787; baseline 0.001 -20"><span class='ocrx_word' id='word_1_50' title='bbox 357 710 624 785; x_wconf 80' lang='grc' dir='ltr'>ἔσφαξαν,</span> <span class='ocrx_word' id='word_1_51' title='bbox 658 708 928 779; x_wconf 78' lang='grc' dir='ltr'>διαδέξιον</span> <span class='ocrx_word' id='word_1_52' title='bbox 955 707 1272 785; x_wconf 80' lang='grc' dir='ltr'>ποιεύμενοι</span> <span class='ocrx_word' id='word_1_53' title='bbox 1305 708 1406 769; x_wconf 83' lang='grc' dir='ltr'>τόν</span> <span class='ocrx_word' id='word_1_54' title='bbox 1432 708 1588 769; x_wconf 84' lang='grc' dir='ltr'>εἶλον</span> <span class='ocrx_word' id='word_1_55' title='bbox 1613 714 1723 770; x_wconf 90' lang='grc' dir='ltr'>τῶν</span> <span class='ocrx_word' id='word_1_56' title='bbox 1749 709 1955 787; x_wconf 80' lang='grc' dir='ltr'>Ἑλλή-</span> 
     </span>
     <span class='ocr_line' id='line_1_9' title="bbox 356 795 1955 877; baseline 0.001 -22"><span class='ocrx_word' id='word_1_57' title='bbox 356 821 463 855; x_wconf 85' lang='grc' dir='ltr'>νων</span> <span class='ocrx_word' id='word_1_58' title='bbox 500 800 720 872; x_wconf 88' lang='grc' dir='ltr'>πρῶτον</span> <span class='ocrx_word' id='word_1_59' title='bbox 767 796 860 855; x_wconf 85' lang='grc' dir='ltr'>καὶ</span> <span class='ocrx_word' id='word_1_60' title='bbox 913 795 1244 857; x_wconf 86' lang='grc' dir='ltr'>κάλλιστον·</span> <span class='ocrx_word' id='word_1_61' title='bbox 1323 799 1401 874; x_wconf 77' lang='grc' dir='ltr'>τῷ</span> <span class='ocrx_word' id='word_1_62' title='bbox 1440 796 1499 855; x_wconf 81' lang='grc' dir='ltr'>δὲ</span> <span class='ocrx_word' id='word_1_63' title='bbox 1539 798 1955 877; x_wconf 85' lang='grc' dir='ltr'>σφαγιασθέντι</span> 
     </span>
     <span class='ocr_line' id='line_1_10' title="bbox 355 882 1953 963; baseline 0.003 -22"><span class='ocrx_word' id='word_1_64' title='bbox 355 882 534 962; x_wconf 74' lang='grc' dir='ltr'>τούτῳ</span> <span class='ocrx_word' id='word_1_65' title='bbox 560 882 772 959; x_wconf 80' lang='grc' dir='ltr'>οὔνομα</span> <span class='ocrx_word' id='word_1_66' title='bbox 796 882 867 959; x_wconf 85' lang='grc' dir='ltr'>ἦν</span> <span class='ocrx_word' id='word_1_67' title='bbox 891 884 1066 943; x_wconf 83' lang='grc' dir='ltr'>Λέων·</span> <span class='ocrx_word' id='word_1_68' title='bbox 1106 882 1255 963; x_wconf 86' lang='grc' dir='ltr'>τάχα</span> <span class='ocrx_word' id='word_1_69' title='bbox 1282 883 1327 941; x_wconf 79' lang='grc' dir='ltr'>δ’</span> <span class='ocrx_word' id='word_1_70' title='bbox 1356 882 1425 942; x_wconf 79' lang='grc' dir='ltr'>ἅν</span> <span class='ocrx_word' id='word_1_71' title='bbox 1457 909 1514 943; x_wconf 91' lang='grc' dir='ltr'>τι</span> <span class='ocrx_word' id='word_1_72' title='bbox 1551 885 1642 941; x_wconf 84' lang='grc' dir='ltr'>καὶ</span> <span class='ocrx_word' id='word_1_73' title='bbox 1669 888 1767 943; x_wconf 82' lang='grc' dir='ltr'>τοῦ</span> <span class='ocrx_word' id='word_1_74' title='bbox 1802 884 1953 945; x_wconf 75' lang='grc' dir='ltr'>οὐνό-</span> 
     </span>
     <span class='ocr_line' id='line_1_11' title="bbox 355 969 2041 1052; baseline 0.001 -24"><span class='ocrx_word' id='word_1_75' title='bbox 355 995 530 1045; x_wconf 82' lang='grc' dir='ltr'>ματος</span> <span class='ocrx_word' id='word_1_76' title='bbox 556 969 868 1047; x_wconf 78' lang='grc' dir='ltr'>ἐπαύροιτο·</span> <span class='ocrx_word' id='word_1_77' title='bbox 934 969 1009 1029; x_wconf 89' lang='grc' dir='ltr'><strong><em>Ἠ</em></strong></span> <span class='ocrx_word' id='word_1_78' title='bbox 1043 971 1102 1031; x_wconf 80' lang='grc' dir='ltr'>δὲ</span> <span class='ocrx_word' id='word_1_79' title='bbox 1129 972 1405 1052; x_wconf 82' lang='grc' dir='ltr'>Αἰγιναίη,</span> <span class='ocrx_word' id='word_1_80' title='bbox 1432 974 1533 1046; x_wconf 82' lang='grc' dir='ltr'>τῆς</span> <span class='ocrx_word' id='word_1_81' title='bbox 1561 971 1911 1050; x_wconf 80' lang='grc' dir='ltr'>ἐτριηράρχεε</span> <span class='ocrx_word' id='word_1_82' title='bbox 1932 974 1959 1030; x_wconf 94' lang='grc'>1</span> <span class='ocrx_word' id='word_1_83' title='bbox 1972 973 2041 1029; x_wconf 88' lang='grc'>81</span> 
     </span>
     <span class='ocr_line' id='line_1_12' title="bbox 352 1057 1953 1139; baseline 0.001 -24"><span class='ocrx_word' id='word_1_84' title='bbox 352 1057 672 1135; x_wconf 82' lang='grc' dir='ltr'>Ἀσωνίδης,</span> <span class='ocrx_word' id='word_1_85' title='bbox 709 1060 806 1118; x_wconf 90' lang='grc' dir='ltr'>καί</span> <span class='ocrx_word' id='word_1_86' title='bbox 839 1057 963 1118; x_wconf 89' lang='grc' dir='ltr'>τινά</span> <span class='ocrx_word' id='word_1_87' title='bbox 1003 1065 1116 1133; x_wconf 84' lang='grc' dir='ltr'>σφι</span> <span class='ocrx_word' id='word_1_88' title='bbox 1157 1058 1404 1136; x_wconf 87' lang='grc' dir='ltr'>θόρυβον</span> <span class='ocrx_word' id='word_1_89' title='bbox 1443 1059 1709 1139; x_wconf 84' lang='grc' dir='ltr'>παρέσχε,</span> <span class='ocrx_word' id='word_1_90' title='bbox 1755 1060 1953 1119; x_wconf 89' lang='grc' dir='ltr'>Πυθέω</span> 
     </span>
     <span class='ocr_line' id='line_1_13' title="bbox 353 1144 1950 1228; baseline 0.001 -23"><span class='ocrx_word' id='word_1_91' title='bbox 353 1149 454 1205; x_wconf 81' lang='grc' dir='ltr'>τοῦ</span> <span class='ocrx_word' id='word_1_92' title='bbox 493 1145 784 1225; x_wconf 86' lang='grc' dir='ltr'>Ἰσχενόου</span> <span class='ocrx_word' id='word_1_93' title='bbox 831 1145 1261 1222; x_wconf 77' lang='grc' dir='ltr'>ἐπιβατεύοντος</span> <span class='ocrx_word' id='word_1_94' title='bbox 1292 1145 1488 1222; x_wconf 71' lang='grc' dir='ltr'>ἀνδρὸς</span> <span class='ocrx_word' id='word_1_95' title='bbox 1524 1144 1756 1223; x_wconf 82' lang='grc' dir='ltr'>α’ρίστου</span> <span class='ocrx_word' id='word_1_96' title='bbox 1798 1174 1950 1228; x_wconf 76' lang='grc' dir='ltr'>γενο·</span> 
     </span>
     <span class='ocr_line' id='line_1_14' title="bbox 350 1232 1948 1342; baseline 0.001 -49"><span class='ocrx_word' id='word_1_97' title='bbox 350 1234 522 1310; x_wconf 86' lang='grc' dir='ltr'>μένου</span> <span class='ocrx_word' id='word_1_98' title='bbox 545 1234 751 1309; x_wconf 78' lang='grc' dir='ltr'>ταύτην</span> <span class='ocrx_word' id='word_1_99' title='bbox 774 1233 880 1309; x_wconf 72' lang='grc' dir='ltr'>τήν</span> <span class='ocrx_word' id='word_1_100' title='bbox 898 1233 1129 1342; x_wconf 77' lang='grc' dir='ltr'>ἡμέρην·</span> <span class='ocrx_word' id='word_1_101' title='bbox 1159 1232 1221 1297; x_wconf 81' lang='grc' dir='ltr'>ὃς</span> <span class='ocrx_word' id='word_1_102' title='bbox 1240 1232 1485 1310; x_wconf 66' lang='grc' dir='ltr'>ἐπειδὴε</span> <span class='ocrx_word' id='word_1_103' title='bbox 1448 1260 1485 1309; x_wconf 92' lang='grc' dir='ltr'>η</span> <span class='ocrx_word' id='word_1_104' title='bbox 1507 1238 1637 1297; x_wconf 85' lang='grc' dir='ltr'>ναῦς</span> <span class='ocrx_word' id='word_1_105' title='bbox 1656 1234 1948 1311; x_wconf 80' lang='grc' dir='ltr'>ἡλίσκετο,</span> 
     </span>
     <span class='ocr_line' id='line_1_15' title="bbox 352 1321 1951 1435; baseline 0.002 -55"><span class='ocrx_word' id='word_1_106' title='bbox 352 1325 408 1385; x_wconf 88' lang='grc' dir='ltr'>ἐς</span> <span class='ocrx_word' id='word_1_107' title='bbox 447 1326 614 1383; x_wconf 81' lang='grc' dir='ltr'>τοῦτο</span> <span class='ocrx_word' id='word_1_108' title='bbox 655 1321 874 1400; x_wconf 82' lang='grc' dir='ltr'>α’,ντεῖχε</span> <span class='ocrx_word' id='word_1_109' title='bbox 914 1322 1250 1403; x_wconf 87' lang='grc' dir='ltr'>μαχόμενος,</span> <span class='ocrx_word' id='word_1_110' title='bbox 1296 1326 1350 1386; x_wconf 90' lang='grc' dir='ltr'>ἐς</span> <span class='ocrx_word' id='word_1_111' title='bbox 1396 1350 1429 1382; x_wconf 93' lang='grc' dir='ltr'>ο</span> <span class='ocrx_word' id='word_1_112' title='bbox 1477 1322 1951 1435; x_wconf 79' lang='grc' dir='ltr'>κατεκρεουργήθη</span> 
     </span>
     <span class='ocr_line' id='line_1_16' title="bbox 352 1408 1949 1488; baseline 0.002 -20"><span class='ocrx_word' id='word_1_113' title='bbox 352 1435 514 1473; x_wconf 88' lang='grc' dir='ltr'>απας·</span> <span class='ocrx_word' id='word_1_114' title='bbox 558 1409 628 1473; x_wconf 80' lang='grc' dir='ltr'>ῶς</span> <span class='ocrx_word' id='word_1_115' title='bbox 654 1409 714 1467; x_wconf 83' lang='grc' dir='ltr'>δὲ</span> <span class='ocrx_word' id='word_1_116' title='bbox 738 1409 929 1469; x_wconf 83' lang='grc' dir='ltr'>πεσῶν</span> <span class='ocrx_word' id='word_1_117' title='bbox 954 1435 1056 1469; x_wconf 88' lang='grc' dir='ltr'>ουκ</span> <span class='ocrx_word' id='word_1_118' title='bbox 1083 1408 1326 1470; x_wconf 70' lang='grc' dir='ltr'>ἀπέθανε</span> <span class='ocrx_word' id='word_1_119' title='bbox 1361 1408 1493 1469; x_wconf 74' lang='grc' dir='ltr'>ἀλλ’</span> <span class='ocrx_word' id='word_1_120' title='bbox 1520 1409 1588 1485; x_wconf 86' lang='grc' dir='ltr'>ἦν</span> <span class='ocrx_word' id='word_1_121' title='bbox 1616 1411 1866 1488; x_wconf 85' lang='grc' dir='ltr'>ἔμπνοος,</span> <span class='ocrx_word' id='word_1_122' title='bbox 1896 1414 1949 1471; x_wconf 83' lang='grc' dir='ltr'>οἶ</span> 
     </span>
     <span class='ocr_line' id='line_1_17' title="bbox 354 1496 1951 1576; baseline 0.002 -21"><span class='ocrx_word' id='word_1_123' title='bbox 354 1496 594 1573; x_wconf 85' lang='grc' dir='ltr'>Πέρσαι,</span> <span class='ocrx_word' id='word_1_124' title='bbox 629 1496 788 1575; x_wconf 79' lang='grc' dir='ltr'>οἵπερ</span> <span class='ocrx_word' id='word_1_125' title='bbox 825 1496 1225 1573; x_wconf 84' lang='grc' dir='ltr'>ἐπεβάτευον’</span> <span class='ocrx_word' id='word_1_126' title='bbox 1197 1498 1290 1557; x_wconf 88' lang='grc' dir='ltr'>επὶ</span> <span class='ocrx_word' id='word_1_127' title='bbox 1324 1500 1435 1557; x_wconf 88' lang='grc' dir='ltr'>τῶν</span> <span class='ocrx_word' id='word_1_128' title='bbox 1468 1502 1618 1567; x_wconf 89' lang='grc' dir='ltr'>νεῶν,</span> <span class='ocrx_word' id='word_1_129' title='bbox 1656 1497 1723 1557; x_wconf 85' lang='grc' dir='ltr'>δι’</span> <span class='ocrx_word' id='word_1_130' title='bbox 1750 1498 1951 1576; x_wconf 82' lang='grc' dir='ltr'>α’ρετήν</span> 
     </span>
     <span class='ocr_line' id='line_1_18' title="bbox 351 1584 1949 1662; baseline 0.002 -19"><span class='ocrx_word' id='word_1_131' title='bbox 351 1609 457 1659; x_wconf 85' lang='grc' dir='ltr'>την</span> <span class='ocrx_word' id='word_1_132' title='bbox 495 1584 702 1644; x_wconf 88' lang='grc' dir='ltr'>ἐκείνου</span> <span class='ocrx_word' id='word_1_133' title='bbox 741 1585 1112 1662; x_wconf 81' lang='grc' dir='ltr'>περιποιῆσαί</span> <span class='ocrx_word' id='word_1_134' title='bbox 1146 1610 1245 1661; x_wconf 88' lang='grc' dir='ltr'>μιν</span> <span class='ocrx_word' id='word_1_135' title='bbox 1282 1585 1411 1661; x_wconf 86' lang='grc' dir='ltr'>περὶ</span> <span class='ocrx_word' id='word_1_136' title='bbox 1450 1584 1725 1645; x_wconf 74' lang='grc' dir='ltr'>πλείστου</span> <span class='ocrx_word' id='word_1_137' title='bbox 1765 1586 1949 1661; x_wconf 81' lang='grc' dir='ltr'>ἐποιή-</span> 
     </span>
     <span class='ocr_line' id='line_1_19' title="bbox 351 1672 1950 1752; baseline 0.003 -21"><span class='ocrx_word' id='word_1_138' title='bbox 351 1696 546 1741; x_wconf 85' lang='grc' dir='ltr'>σαντο,</span> <span class='ocrx_word' id='word_1_139' title='bbox 589 1672 876 1752; x_wconf 82' lang='grc' dir='ltr'>σμύρνῃσί</span> <span class='ocrx_word' id='word_1_140' title='bbox 901 1699 964 1732; x_wconf 90' lang='grc' dir='ltr'>τε</span> <span class='ocrx_word' id='word_1_141' title='bbox 1007 1672 1225 1749; x_wconf 80' lang='grc' dir='ltr'>ἰώμενοι</span> <span class='ocrx_word' id='word_1_142' title='bbox 1259 1698 1330 1732; x_wconf 90' lang='grc' dir='ltr'>τα</span> <span class='ocrx_word' id='word_1_143' title='bbox 1366 1672 1533 1731; x_wconf 80' lang='grc' dir='ltr'>ἕλκεα</span> <span class='ocrx_word' id='word_1_144' title='bbox 1573 1673 1665 1731; x_wconf 82' lang='grc' dir='ltr'>καὶ</span> <span class='ocrx_word' id='word_1_145' title='bbox 1698 1673 1950 1736; x_wconf 86' lang='grc' dir='ltr'>σινδόνος</span> 
     </span>
     <span class='ocr_line' id='line_1_20' title="bbox 341 1761 1949 1838; baseline 0.001 -19"><span class='ocrx_word' id='word_1_146' title='bbox 341 1761 634 1836; x_wconf 59' lang='grc' dir='ltr'>’βυσσίνης</span> <span class='ocrx_word' id='word_1_147' title='bbox 685 1765 976 1838; x_wconf 78' lang='grc' dir='ltr'>τελαμῶσι</span> <span class='ocrx_word' id='word_1_148' title='bbox 1032 1762 1501 1823; x_wconf 85' lang='grc' dir='ltr'>κατειλίσσοντες·</span> <span class='ocrx_word' id='word_1_149' title='bbox 1571 1761 1668 1819; x_wconf 90' lang='grc' dir='ltr'>καί</span> <span class='ocrx_word' id='word_1_150' title='bbox 1714 1787 1826 1837; x_wconf 89' lang='grc' dir='ltr'>μιν,</span> <span class='ocrx_word' id='word_1_151' title='bbox 1879 1761 1949 1827; x_wconf 79' lang='grc' dir='ltr'>ὦς</span> 
     </span>
     <span class='ocr_line' id='line_1_21' title="bbox 351 1846 1949 1924; baseline 0.001 -18"><span class='ocrx_word' id='word_1_152' title='bbox 351 1846 536 1907; x_wconf 81' lang='grc' dir='ltr'>ὀπίσω</span> <span class='ocrx_word' id='word_1_153' title='bbox 575 1847 840 1909; x_wconf 75' lang='grc' dir='ltr'>ἀπίκοντο</span> <span class='ocrx_word' id='word_1_154' title='bbox 872 1854 927 1913; x_wconf 89' lang='grc' dir='ltr'>ἐς</span> <span class='ocrx_word' id='word_1_155' title='bbox 965 1849 1032 1910; x_wconf 81' lang='grc' dir='ltr'>τὸ</span> <span class='ocrx_word' id='word_1_156' title='bbox 1068 1852 1279 1908; x_wconf 78' lang='grc' dir='ltr'>ἑωυτῶν</span> <span class='ocrx_word' id='word_1_157' title='bbox 1313 1847 1709 1924; x_wconf 85' lang='grc' dir='ltr'>στρατόπεδον,</span> <span class='ocrx_word' id='word_1_158' title='bbox 1746 1849 1949 1908; x_wconf 85' lang='grc' dir='ltr'>ἐπεδεί-</span> 
     </span>
     <span class='ocr_line' id='line_1_22' title="bbox 349 1936 1947 2018; baseline 0.001 -24"><span class='ocrx_word' id='word_1_159' title='bbox 349 1960 563 1997; x_wconf 87' lang='grc' dir='ltr'>κνυσαν</span> <span class='ocrx_word' id='word_1_160' title='bbox 593 1936 1068 2018; x_wconf 78' lang='grc' dir='ltr'>ἐκπαγλεόμενοι</span> <span class='ocrx_word' id='word_1_161' title='bbox 1126 1936 1287 2015; x_wconf 71' lang='grc' dir='ltr'>πάσῃ</span> <span class='ocrx_word' id='word_1_162' title='bbox 1337 1939 1409 2014; x_wconf 82' lang='grc' dir='ltr'>τῇ</span> <span class='ocrx_word' id='word_1_163' title='bbox 1462 1940 1717 2015; x_wconf 81' lang='grc' dir='ltr'>στρατιῇ,</span> <span class='ocrx_word' id='word_1_164' title='bbox 1770 1938 1947 2015; x_wconf 87' lang='grc' dir='ltr'>περιέ-</span> 
     </span>
     <span class='ocr_line' id='line_1_23' title="bbox 350 2022 1947 2104; baseline 0.002 -23"><span class='ocrx_word' id='word_1_165' title='bbox 350 2048 548 2088; x_wconf 85' lang='grc' dir='ltr'>ποντες</span> <span class='ocrx_word' id='word_1_166' title='bbox 587 2031 666 2084; x_wconf 78' lang='grc' dir='ltr'>εὖ·</span> <span class='ocrx_word' id='word_1_167' title='bbox 706 2049 836 2088; x_wconf 88' lang='grc' dir='ltr'>τους</span> <span class='ocrx_word' id='word_1_168' title='bbox 875 2024 935 2083; x_wconf 82' lang='grc' dir='ltr'>δὲ</span> <span class='ocrx_word' id='word_1_169' title='bbox 974 2022 1190 2088; x_wconf 72' lang='grc' dir='ltr'>ἄλλους</span> <span class='ocrx_word' id='word_1_170' title='bbox 1226 2049 1357 2088; x_wconf 88' lang='grc' dir='ltr'>τους</span> <span class='ocrx_word' id='word_1_171' title='bbox 1396 2025 1609 2100; x_wconf 77' lang='grc' dir='ltr'>ἔλαβον</span> <span class='ocrx_word' id='word_1_172' title='bbox 1650 2030 1707 2084; x_wconf 89' lang='grc' dir='ltr'>ἐν</span> <span class='ocrx_word' id='word_1_173' title='bbox 1746 2028 1817 2104; x_wconf 86' lang='grc' dir='ltr'>τῇ</span> <span class='ocrx_word' id='word_1_174' title='bbox 1859 2051 1947 2101; x_wconf 91' lang='grc' dir='ltr'>νηι</span> 
     </span>
     <span class='ocr_line' id='line_1_24' title="bbox 348 2110 2040 2190; baseline 0.001 -21"><span class='ocrx_word' id='word_1_175' title='bbox 348 2111 524 2190; x_wconf 83' lang='grc' dir='ltr'>ταύτῃ</span> <span class='ocrx_word' id='word_1_176' title='bbox 548 2116 834 2189; x_wconf 81' lang='grc' dir='ltr'>περιεῖπον</span> <span class='ocrx_word' id='word_1_177' title='bbox 856 2111 927 2174; x_wconf 80' lang='grc' dir='ltr'>ὦς</span> <span class='ocrx_word' id='word_1_178' title='bbox 953 2110 1289 2188; x_wconf 76' lang='grc' dir='ltr'>ἅνδράποδα.</span> <span class='ocrx_word' id='word_1_179' title='bbox 1361 2114 1435 2170; x_wconf 79' lang='grc' dir='ltr'>Αἱ</span> <span class='ocrx_word' id='word_1_180' title='bbox 1458 2114 1561 2188; x_wconf 85' lang='grc' dir='ltr'>μὲν</span> <span class='ocrx_word' id='word_1_181' title='bbox 1589 2111 1655 2188; x_wconf 80' lang='grc' dir='ltr'>δὴ</span> <span class='ocrx_word' id='word_1_182' title='bbox 1676 2111 1773 2172; x_wconf 82' lang='grc' dir='ltr'>δύο</span> <span class='ocrx_word' id='word_1_183' title='bbox 1798 2116 1907 2175; x_wconf 88' lang='grc' dir='ltr'>τῶν</span> <span class='ocrx_word' id='word_1_184' title='bbox 1926 2115 2040 2173; x_wconf 83' lang='grc'>182</span> 
     </span>
     <span class='ocr_line' id='line_1_25' title="bbox 349 2197 1946 2280; baseline 0.003 -25"><span class='ocrx_word' id='word_1_185' title='bbox 349 2201 485 2258; x_wconf 91' lang='grc' dir='ltr'>νεῶν</span> <span class='ocrx_word' id='word_1_186' title='bbox 510 2197 652 2258; x_wconf 82' lang='grc' dir='ltr'>οὕτω</span> <span class='ocrx_word' id='word_1_187' title='bbox 679 2198 1076 2279; x_wconf 79' lang='grc' dir='ltr'>ἐχειρώθησαν·</span> <span class='ocrx_word' id='word_1_188' title='bbox 1117 2197 1157 2275; x_wconf 81' lang='grc' dir='ltr'><em>ἦ</em></span> <span class='ocrx_word' id='word_1_189' title='bbox 1182 2199 1243 2258; x_wconf 80' lang='grc' dir='ltr'>δὲ</span> <span class='ocrx_word' id='word_1_190' title='bbox 1268 2198 1440 2275; x_wconf 83' lang='grc' dir='ltr'>τρίτη,</span> <span class='ocrx_word' id='word_1_191' title='bbox 1466 2203 1566 2274; x_wconf 79' lang='grc' dir='ltr'>τῆς</span> <span class='ocrx_word' id='word_1_192' title='bbox 1593 2199 1946 2280; x_wconf 78' lang='grc' dir='ltr'>ἐτριηράρχεε</span> 
     </span>
     <span class='ocr_line' id='line_1_26' title="bbox 352 2283 1947 2366; baseline 0.004 -25"><span class='ocrx_word' id='word_1_193' title='bbox 352 2283 586 2359; x_wconf 80' lang='grc' dir='ltr'>Φόρμος,</span> <span class='ocrx_word' id='word_1_194' title='bbox 621 2283 762 2362; x_wconf 66' lang='grc' dir='ltr'>ἀνὴρ</span> <span class='ocrx_word' id='word_1_195' title='bbox 786 2285 1096 2361; x_wconf 80' lang='grc' dir='ltr'>Ἀθηναῖος,</span> <span class='ocrx_word' id='word_1_196' title='bbox 1128 2284 1421 2366; x_wconf 72' lang='grc' dir='ltr'>φεύγουσα</span> <span class='ocrx_word' id='word_1_197' title='bbox 1455 2286 1738 2355; x_wconf 82' lang='grc' dir='ltr'>ἐξοκέλλει</span> <span class='ocrx_word' id='word_1_198' title='bbox 1770 2293 1823 2351; x_wconf 86' lang='grc' dir='ltr'>ἐς</span> <span class='ocrx_word' id='word_1_199' title='bbox 1846 2287 1947 2352; x_wconf 80' lang='grc' dir='ltr'>τοὶς</span> 
     </span>
     <span class='ocr_line' id='line_1_27' title="bbox 351 2370 1945 2452; baseline 0.006 -25"><span class='ocrx_word' id='word_1_200' title='bbox 351 2370 604 2445; x_wconf 69' lang='grc' dir='ltr'>ἐσβρλῖὶς</span> <span class='ocrx_word' id='word_1_201' title='bbox 629 2375 729 2430; x_wconf 78' lang='grc' dir='ltr'>τοῦ</span> <span class='ocrx_word' id='word_1_202' title='bbox 756 2375 1021 2447; x_wconf 82' lang='grc' dir='ltr'>Πηνειοῦ·</span> <span class='ocrx_word' id='word_1_203' title='bbox 1063 2374 1157 2433; x_wconf 85' lang='grc' dir='ltr'>καὶ</span> <span class='ocrx_word' id='word_1_204' title='bbox 1181 2377 1281 2433; x_wconf 79' lang='grc' dir='ltr'>τοῦ</span> <span class='ocrx_word' id='word_1_205' title='bbox 1304 2375 1408 2450; x_wconf 80' lang='grc' dir='ltr'>μὲν</span> <span class='ocrx_word' id='word_1_206' title='bbox 1439 2372 1689 2450; x_wconf 79' lang='grc' dir='ltr'>σκάφεος</span> <span class='ocrx_word' id='word_1_207' title='bbox 1722 2374 1945 2452; x_wconf 84' lang='grc' dir='ltr'>ἐκράτη-</span> 
     </span>
     <span class='ocr_line' id='line_1_28' title="bbox 349 2457 1945 2542; baseline 0.006 -28"><span class='ocrx_word' id='word_1_208' title='bbox 349 2480 462 2515; x_wconf 89' lang='grc' dir='ltr'>σαν</span> <span class='ocrx_word' id='word_1_209' title='bbox 499 2460 553 2516; x_wconf 77' lang='grc' dir='ltr'>οἱ</span> <span class='ocrx_word' id='word_1_210' title='bbox 586 2457 882 2536; x_wconf 89' lang='grc' dir='ltr'>βάρβαροι</span> <span class='ocrx_word' id='word_1_211' title='bbox 905 2463 1016 2519; x_wconf 91' lang='grc' dir='ltr'>τῶν</span> <span class='ocrx_word' id='word_1_212' title='bbox 1055 2460 1114 2518; x_wconf 79' lang='grc' dir='ltr'>δὲ</span> <span class='ocrx_word' id='word_1_213' title='bbox 1142 2459 1353 2537; x_wconf 73' lang='grc' dir='ltr'>ἀνδρῶν</span> <span class='ocrx_word' id='word_1_214' title='bbox 1380 2461 1464 2520; x_wconf 76' lang='grc' dir='ltr'>οὔ·</span> <span class='ocrx_word' id='word_1_215' title='bbox 1509 2460 1578 2524; x_wconf 75' lang='grc' dir='ltr'>ὦς</span> <span class='ocrx_word' id='word_1_216' title='bbox 1609 2462 1719 2542; x_wconf 71' lang='grc' dir='ltr'>γὰρ</span> <span class='ocrx_word' id='word_1_217' title='bbox 1745 2463 1814 2538; x_wconf 73' lang='grc' dir='ltr'>δή</span> <span class='ocrx_word' id='word_1_218' title='bbox 1850 2463 1945 2524; x_wconf 86' lang='grc' dir='ltr'>τά·</span> 
     </span>
     <span class='ocr_line' id='line_1_29' title="bbox 346 2545 1940 2627; baseline 0.006 -24"><span class='ocrx_word' id='word_1_219' title='bbox 346 2568 524 2622; x_wconf 85' lang='grc' dir='ltr'>χιστα</span> <span class='ocrx_word' id='word_1_220' title='bbox 549 2545 855 2606; x_wconf 76' lang='grc' dir='ltr'>ἐπώκειλαν</span> <span class='ocrx_word' id='word_1_221' title='bbox 884 2546 989 2623; x_wconf 69' lang='grc' dir='ltr'>τὴν</span> <span class='ocrx_word' id='word_1_222' title='bbox 1015 2547 1112 2606; x_wconf 87' lang='grc' dir='ltr'>νέα</span> <span class='ocrx_word' id='word_1_223' title='bbox 1145 2551 1199 2606; x_wconf 81' lang='grc' dir='ltr'>οἱ</span> <span class='ocrx_word' id='word_1_224' title='bbox 1224 2547 1525 2624; x_wconf 82' lang='grc' dir='ltr'>Ἀθηναῖοι,</span> <span class='ocrx_word' id='word_1_225' title='bbox 1555 2549 1940 2627; x_wconf 74' lang='grc' dir='ltr'>ἀποθορόντες,</span> 
     </span>
     <span class='ocr_line' id='line_1_30' title="bbox 347 2630 1943 2712; baseline 0.004 -22"><span class='ocrx_word' id='word_1_226' title='bbox 347 2630 488 2692; x_wconf 69' lang='grc' dir='ltr'>κατά</span> <span class='ocrx_word' id='word_1_227' title='bbox 525 2635 853 2710; x_wconf 83' lang='grc' dir='ltr'>Θεσσαλίην</span> <span class='ocrx_word' id='word_1_228' title='bbox 889 2632 1251 2712; x_wconf 89' lang='grc' dir='ltr'>πορευόμενοι</span> <span class='ocrx_word' id='word_1_229' title='bbox 1283 2636 1668 2712; x_wconf 86' lang='grc' dir='ltr'>ἐκομίσθησαν</span> <span class='ocrx_word' id='word_1_230' title='bbox 1702 2641 1756 2698; x_wconf 89' lang='grc' dir='ltr'>ἐς</span> <span class='ocrx_word' id='word_1_231' title='bbox 1780 2636 1943 2712; x_wconf 84' lang='grc' dir='ltr'>Ἀθή-</span> 
     </span>
     <span class='ocr_line' id='line_1_31' title="bbox 345 2721 1941 2800; baseline 0.003 -22"><span class='ocrx_word' id='word_1_232' title='bbox 345 2743 462 2782; x_wconf 89' lang='grc' dir='ltr'>νας.</span> <span class='ocrx_word' id='word_1_233' title='bbox 543 2725 720 2787; x_wconf 81' lang='grc' dir='ltr'>ταῦτα</span> <span class='ocrx_word' id='word_1_234' title='bbox 747 2725 801 2780; x_wconf 83' lang='grc' dir='ltr'>οἱ</span> <span class='ocrx_word' id='word_1_235' title='bbox 826 2721 1106 2798; x_wconf 52' lang='grc' dir='ltr'>ῘΈλληνες</span> <span class='ocrx_word' id='word_1_236' title='bbox 1135 2725 1189 2782; x_wconf 78' lang='grc' dir='ltr'>οἶ</span> <span class='ocrx_word' id='word_1_237' title='bbox 1226 2721 1309 2782; x_wconf 85' lang='grc' dir='ltr'>ἐπ’</span> <span class='ocrx_word' id='word_1_238' title='bbox 1335 2723 1669 2800; x_wconf 78' lang='grc' dir='ltr'>Ἀρτεμισίῳ</span> <span class='ocrx_word' id='word_1_239' title='bbox 1706 2749 1941 2800; x_wconf 88' lang='grc' dir='ltr'>στρατο-</span> 
     </span>
     <span class='ocr_line' id='line_1_32' title="bbox 343 2805 1942 2888; baseline 0.004 -25"><span class='ocrx_word' id='word_1_240' title='bbox 343 2805 696 2885; x_wconf 81' lang='grc' dir='ltr'>πεδευόμενοι</span> <span class='ocrx_word' id='word_1_241' title='bbox 725 2811 1096 2870; x_wconf 82' lang='grc' dir='ltr'>πυνθάνονται</span> <span class='ocrx_word' id='word_1_242' title='bbox 1129 2809 1283 2886; x_wconf 71' lang='grc' dir='ltr'>παρὰ</span> <span class='ocrx_word' id='word_1_243' title='bbox 1323 2814 1554 2888; x_wconf 77' lang='grc' dir='ltr'>πυρσῶν</span> <span class='ocrx_word' id='word_1_244' title='bbox 1590 2813 1650 2868; x_wconf 87' lang='grc' dir='ltr'>ἐκ</span> <span class='ocrx_word' id='word_1_245' title='bbox 1679 2810 1942 2874; x_wconf 79' lang='grc' dir='ltr'>Σκιάθου·</span> 
     </span>
     <span class='ocr_line' id='line_1_33' title="bbox 342 2894 1940 2975; baseline 0.003 -23"><span class='ocrx_word' id='word_1_246' title='bbox 342 2894 646 2971; x_wconf 84' lang='grc' dir='ltr'>πυθόμενοι</span> <span class='ocrx_word' id='word_1_247' title='bbox 685 2895 744 2954; x_wconf 84' lang='grc' dir='ltr'>δὲ</span> <span class='ocrx_word' id='word_1_248' title='bbox 780 2898 872 2956; x_wconf 84' lang='grc' dir='ltr'>καὶ</span> <span class='ocrx_word' id='word_1_249' title='bbox 913 2897 1453 2974; x_wconf 82' lang='grc' dir='ltr'>καταρρωδήσαντες,</span> <span class='ocrx_word' id='word_1_250' title='bbox 1482 2897 1593 2956; x_wconf 69' lang='grc' dir='ltr'>6.πό</span> <span class='ocrx_word' id='word_1_251' title='bbox 1626 2901 1727 2957; x_wconf 82' lang='grc' dir='ltr'>τοῦ</span> <span class='ocrx_word' id='word_1_252' title='bbox 1752 2897 1940 2975; x_wconf 88' lang='grc' dir='ltr'>Ἀρτε-</span> 
     </span>
     <span class='ocr_line' id='line_1_34' title="bbox 338 2981 1942 3061; baseline 0.002 -21"><span class='ocrx_word' id='word_1_253' title='bbox 338 2982 535 3056; x_wconf 87' lang='grc' dir='ltr'>μισίου</span> <span class='ocrx_word' id='word_1_254' title='bbox 579 2985 988 3061; x_wconf 88' lang='grc' dir='ltr'>μετωρμίζοντο</span> <span class='ocrx_word' id='word_1_255' title='bbox 1035 2989 1090 3046; x_wconf 90' lang='grc' dir='ltr'>ἐς</span> <span class='ocrx_word' id='word_1_256' title='bbox 1137 2985 1412 3053; x_wconf 87' lang='grc' dir='ltr'>Χαλκίδα,</span> <span class='ocrx_word' id='word_1_257' title='bbox 1456 2981 1799 3058; x_wconf 80' lang='grc' dir='ltr'>φυλάξοντες</span> <span class='ocrx_word' id='word_1_258' title='bbox 1839 2987 1942 3060; x_wconf 81' lang='grc' dir='ltr'>μὲν</span> 
     </span>
     <span class='ocr_line' id='line_1_35' title="bbox 337 3067 1941 3148; baseline 0.002 -21"><span class='ocrx_word' id='word_1_259' title='bbox 337 3067 438 3127; x_wconf 82' lang='grc' dir='ltr'>τὸν</span> <span class='ocrx_word' id='word_1_260' title='bbox 489 3069 758 3147; x_wconf 76' lang='grc' dir='ltr'>Εὔριπον,</span> <span class='ocrx_word' id='word_1_261' title='bbox 798 3072 1087 3134; x_wconf 85' lang='grc' dir='ltr'>λείποντες</span> <span class='ocrx_word' id='word_1_262' title='bbox 1126 3071 1187 3130; x_wconf 84' lang='grc' dir='ltr'>δὲ</span> <span class='ocrx_word' id='word_1_263' title='bbox 1232 3069 1657 3148; x_wconf 77' lang='grc' dir='ltr'>ἡμεροσκόπους</span> <span class='ocrx_word' id='word_1_264' title='bbox 1701 3071 1829 3147; x_wconf 82' lang='grc' dir='ltr'>περὶ</span> <span class='ocrx_word' id='word_1_265' title='bbox 1868 3071 1941 3130; x_wconf 78' lang='grc' dir='ltr'>τοὶ</span> 
     </span>
     <span class='ocr_line' id='line_1_36' title="bbox 336 3153 2037 3235; baseline 0.002 -23"><span class='ocrx_word' id='word_1_266' title='bbox 336 3153 533 3232; x_wconf 70' lang='grc' dir='ltr'>ὖψηλσῖ</span> <span class='ocrx_word' id='word_1_267' title='bbox 561 3161 663 3234; x_wconf 82' lang='grc' dir='ltr'>τῆς</span> <span class='ocrx_word' id='word_1_268' title='bbox 686 3156 950 3234; x_wconf 74' lang='grc' dir='ltr'>Εὐβοίης.</span> <span class='ocrx_word' id='word_1_269' title='bbox 1023 3162 1149 3219; x_wconf 87' lang='grc' dir='ltr'>Τῶν</span> <span class='ocrx_word' id='word_1_270' title='bbox 1183 3159 1243 3218; x_wconf 83' lang='grc' dir='ltr'>δὲ</span> <span class='ocrx_word' id='word_1_271' title='bbox 1274 3158 1406 3217; x_wconf 84' lang='grc' dir='ltr'>δέκα</span> <span class='ocrx_word' id='word_1_272' title='bbox 1447 3161 1579 3216; x_wconf 87' lang='grc' dir='ltr'>νεῶν</span> <span class='ocrx_word' id='word_1_273' title='bbox 1617 3159 1728 3216; x_wconf 87' lang='grc' dir='ltr'>τῶν</span> <span class='ocrx_word' id='word_1_274' title='bbox 1757 3158 1900 3235; x_wconf 84' lang='grc' dir='ltr'>βαρ·</span> <span class='ocrx_word' id='word_1_275' title='bbox 1922 3162 2037 3218; x_wconf 90' lang='grc'>183</span> 
     </span>
     <span class='ocr_line' id='line_1_37' title="bbox 313 3241 1943 3324; baseline 0.001 -20"><span class='ocrx_word' id='word_1_276' title='bbox 313 3241 530 3322; x_wconf 85' lang='grc' dir='ltr'>·βάρων</span> <span class='ocrx_word' id='word_1_277' title='bbox 561 3247 710 3323; x_wconf 79' lang='grc' dir='ltr'>τρεῖς</span> <span class='ocrx_word' id='word_1_278' title='bbox 745 3245 1036 3308; x_wconf 88' lang='grc' dir='ltr'>ἐπέλασαν</span> <span class='ocrx_word' id='word_1_279' title='bbox 1071 3247 1201 3324; x_wconf 81' lang='grc' dir='ltr'>περὶ</span> <span class='ocrx_word' id='word_1_280' title='bbox 1236 3243 1302 3305; x_wconf 78' lang='grc' dir='ltr'>τὰ</span> <span class='ocrx_word' id='word_1_281' title='bbox 1343 3244 1485 3321; x_wconf 81' lang='grc' dir='ltr'>ἕρμα</span> <span class='ocrx_word' id='word_1_282' title='bbox 1518 3243 1585 3304; x_wconf 77' lang='grc' dir='ltr'>τό</span> <span class='ocrx_word' id='word_1_283' title='bbox 1610 3243 1821 3320; x_wconf 75' lang='grc' dir='ltr'>μεταξῦ</span> <span class='ocrx_word' id='word_1_284' title='bbox 1851 3245 1943 3306; x_wconf 84' lang='grc' dir='ltr'>ἐόν</span> 
     </span>
    </p>
   </div>
  </div>
 </body>
</html>
