2259 3500
345 131 567 197 83—89]
963 132 968 139 ’
989 130 1298 180 ΟΤΡΔΝῘΑ.
1848 132 1944 180 253

349 211 442 271 καὶ
489 210 775 287 συνήνεικε
817 210 1132 288 ποιησάσῃ·
1200 209 1504 287 διωκομένη
1541 208 1653 291 γὰρ
1692 207 1804 269 ὗπδ
1844 212 1946 285 τῆς

348 298 620 374 Ἀττικῆς,
675 300 930 375 φέρουσα
986 298 1225 374 ἐνέβαλε
1278 298 1369 373 νηῒ
1410 298 1595 374 φιλίῃ,
1636 296 1847 373 ἀνδρῶν
1885 322 1949 357 τε

351 386 686 447 Καλυνδέων
727 386 820 445 καὶ
860 385 1030 445 αὐτοῦ
1071 385 1435 447 ἐπιπλέοντος
1472 388 1573 444 τοῦ
1614 385 1948 445 Καλυνδέων

349 474 630 552 βασιλέος
669 471 1102 550 Δαμασιθύμου·
1148 476 1195 531 εἰ
1233 473 1337 548 μὲν
1376 473 1472 530 καί
1502 498 1557 531 τι
1594 476 1771 535 νεῖκος
1806 471 1949 548 πρός

351 561 521 623 αὖτόν
569 561 818 643 ἐγεγόνεε
861 564 940 619 ἔτι
979 560 1110 636 περὶ
1150 558 1585 635 Ἑλλήσποντον
1624 559 1838 630 ἐόντων,
1884 559 1949 621 οὔ
1996 580 2005 593 ’

351 651 542 725 μέντοι
595 650 768 729 ἔγωγε
819 648 928 727 ἔχω
983 652 1171 717 εἰπεῖν,
1222 648 1330 707 εἴτε
1382 652 1443 706 ἐκ
1483 649 1757 724 προνοίης
1812 647 1953 709 αὐτοὶ

353 737 602 811 ἐποίησε,
645 736 754 795 εἴτε
807 734 1153 812 συνεκύρησε
1204 761 1242 811 η
1282 739 1395 795 τῶν
1434 735 1770 795 Καλυνδέων
1810 736 1951 796 κατὰ

353 821 530 900 τύχην
571 848 984 899 παραπεσουσα
1030 827 1180 899 νηῦς·
1249 823 1319 887 ὥς
1364 823 1423 881 δὲ
1470 823 1709 900 ε’νέβαλέ
1748 849 1811 883 τε
1860 825 1951 883 καὶ

355 910 638 983 κατέδυσε,
681 908 906 989 εὐτυχίῃ
941 910 1289 989 χρησαμένη,
1322 910 1552 969 διπλὰἶε
1526 936 1731 986 εωυΓην
1766 910 1951 992 ἀγαθοὶ

357 996 657 1103 ἐργάσατο·
697 998 732 1057 ὅ
772 1024 834 1060 τε
873 998 986 1079 γὰρ
1023 1002 1126 1073 τῆς
1154 996 1412 1073 Ἀττικῆς
1451 998 1581 1074 νηός
1616 998 1951 1078 τριήραρχος

357 1084 427 1148 ὦς
477 1084 590 1145 εἶδέ
637 1111 736 1163 μιν
779 1085 1192 1163 ἐμβάλλουσαν
1238 1088 1327 1162 νηὶ
1372 1085 1582 1163 ἀνδρῶν
1621 1086 1950 1163 βαρβαρων,

355 1174 592 1250 νομίσας
615 1174 720 1250 τήν
745 1178 856 1251 νῆα
878 1173 1003 1283 ‘³751‘—
1007 1172 1430 1251 Ἀρτεμισίης
1394 1202 1433 1251 η
1458 1174 1763 1251 Ἑλληνίδα
1796 1174 1949 1244 εἶναι,

353 1258 390 1337 ἢ
429 1260 790 1339 αὐτομολέειν
825 1268 886 1323 ἔκ
924 1264 1036 1323 τῶν
1064 1262 1407 1375 βαρβάρων
1420 1264 1512 1323 καὶ
1553 1262 1773 1323 αὐτοῖσι
1812 1262 1951 1340 οἷμύ-

355 1372 483 1417 νειν,
511 1348 875 1429 ἀποστρέψας
899 1375 1040 1426 προς
1067 1348 1301 1412 ἅλλας’
1276 1350 1562 1427 ετράπετο.
1641 1356 1819 1410 Τοῦτο
1845 1352 1948 1427 μὲν
1970 1353 2045 1409 88

356 1440 575 1495 τοιοῦτο
611 1435 752 1515 αὐτῇ
788 1436 1074 1513 συνήνεικε
1108 1437 1388 1518 γενέσθαι,
1420 1438 1737 1517 διαφυγέειν
1765 1464 1828 1497 τε
1860 1439 1953 1497 καὶ

355 1521 438 1597 μὴ
473 1521 812 1585 ἀπολέσθαι·
838 1529 1004 1587 τοῦτο
1041 1524 1116 1593 δὲ,
1157 1523 1375 1604 συνέβη
1400 1522 1545 1584 ὥστε
1584 1524 1753 1584 κακὰν
1791 1529 1949 1605 ἐργω-

359 1610 626 1686 σαμένην,
674 1611 786 1672 «ivd
825 1612 1033 1674 τούτων
1073 1610 1249 1687 αὐτὴν
1287 1610 1543 1689 μάλιστα
1584 1611 1947 1690 εὐδοκιμῆσαι

357 1697 512 1775 παρὰ
535 1698 736 1778 Ξέρξῃ·
765 1700 992 1782 λέγεται
1016 1699 1132 1782 γὰρ
1153 1700 1408 1778 βασιλέα
1434 1698 1733 1777 θηεύμενον
1756 1700 1955 1775 μαθεῖν

356 1784 462 1861 τήν
488 1790 594 1862 νῆα
621 1789 1010 1864 ἐμβαλοῦσαν·
1048 1790 1143 1848 καὶ
1168 1788 1238 1865 δή
1262 1813 1386 1849 τινα
1412 1787 1563 1848 εἶπαι
1585 1790 1696 1848 τῶν
1721 1785 1952 1862 παρεόν-

356 1898 484 1932 των·
527 1884 562 1910 “
578 1875 844 1946 δέσποτα,
873 1876 1006 1955 ὁρᾷς
1030 1876 1409 1954 Ἀρτεμισίην,
1436 1875 1507 1938 ὥς
1544 1873 1603 1936 εὖ
1636 1873 1955 1955 α’γωνίζεται

359 1960 451 2019 καὶ
470 1965 577 2037 νῆα
596 1967 706 2023 τῶν
725 1964 1010 2041 πολεμίων
1031 1964 1298 2026 κατέδυσε
1309 1963 1371 2033 ;”.
1390 1963 1479 2023 καὶ
1498 1961 1597 2024 τᾶν
1617 1963 1951 2039 ε’πείρεσθαι,

358 2053 406 2109 εἰ
449 2048 698 2126 οἷληθέως
741 2051 866 2112 ε’στὶ
911 2050 1269 2128 Ἀρτεμισίης
1312 2049 1380 2110 τὸ
1428 2051 1655 2131 ἔργονς·
1688 2050 1779 2108 καὶ
1822 2049 1952 2114 τούς

359 2135 532 2211 φάναι
557 2138 788 2214 σαφέως
812 2165 879 2200 το
917 2139 1197 2216 ε’πισ-ημον
1234 2141 1337 2215 τῆς
1366 2137 1497 2214 νηὸς
1534 2139 1951 2214 ἐπισταμένους·

357 2223 460 2298 τὴν
497 2224 556 2284 δὲ
588 2224 1067 2302 διαφθαρεῖσαν’
1029 2227 1347 2302 ηπιστέατο-
1376 2225 1515 2287 εἶναι
1546 2227 1843 2305 πολεμίην·
1883 2225 1957 2286 τά

357 2334 422 2369 τε
445 2310 556 2389 γοῖρ
582 2311 752 2386 αλλα,
783 2339 854 2376 ως
881 2313 1108 2389 εἴρηται,
1140 2313 1281 2392 αὐτῇ
1308 2313 1593 2390 συνήνεικε
1618 2319 1674 2378 ἐς
1702 2313 1955 2393 εὐτυχίην

358 2397 647 2476 γενόμενα,
669 2399 762 2457 καὶ
786 2425 854 2460 το
879 2425 990 2459 των
1011 2404 1070 2459 ἔκ
1096 2404 1198 2476 τῆς
1216 2401 1569 2476 Καλυνδικῆς
1590 2427 1719 2477 νηος
1744 2402 1955 2478 μηδένα

360 2481 726 2544 ἀποσωθέντα
763 2485 1075 2567 κατήγορον
1111 2489 1393 2568 γενέσθαι·
1461 2489 1675 2566 ’Ξέρξην
1710 2488 1770 2547 δὲ
1807 2489 1957 2548 εἶπαι

360 2570 586 2652 λέγεται
622 2572 764 2650 πρός
796 2574 870 2634 τοὶ
905 2574 1247 2651 φραζόμενα·
1298 2586 1333 2612 “
1352 2579 1407 2635 οἱ
1436 2578 1541 2652 μὲν
1573 2574 1763 2651 ἄνδρες
1792 2575 1953 2654 γεγό-

360 2660 499 2718 νασί
523 2685 622 2736 μοι
661 2665 931 2742 γυναῖκες·
974 2665 1033 2722 αἱ
1073 2663 1135 2722 δὲ
1170 2667 1424 2744 γυναῖκες
1462 2660 1701 2738 &Spes-‚³⁸
1779 2665 1957 2721 ταῦτα

317 2747 464 2844 μὲν
489 2748 702 2825 Ξέρξην
726 2751 878 2825 φασὶ
903 2749 1066 2838 ειπαι.

437 2832 537 2894 Ἐν
563 2836 624 2896 δε
648 2841 725 2916 τῷ
749 2836 902 2918 πόνω
923 2834 1102 2916 τούτω
1125 2836 1239 2898 οἶπο
1266 2863 1369 2913 μεν
1394 2835 1611 2898 ἔθανεε
1578 2862 1611 2896 ο
1640 2860 1955 2945 στρατηγος
1972 2837 2046 2895 89

357 2919 792 3006 Ἀριαβίγνηςε
759 2953 792 2986 ο
830 2924 1084 3002 Δαρείου,
1125 2925 1399 3002 Ξέρξεω’
1374 2949 1475 2983 εων
1506 2922 1797 2997 ἅδελφεος,
1840 2921 1953 2982 ἄπο

394 3012 420 3068 ὲ
472 3010 646 3072 ἄλλοι
696 3013 915 3072 πολλοί
945 3037 1010 3073 τε
1051 3013 1145 3072 καὶ
1194 3011 1504 3089 ὄνομαστοι
1544 3009 1811 3087 Περσέων
1864 3009 1959 3068 καὶ

359 3098 585 3208 Μήδων,
631 3101 724 3160 καὶ
758 3105 868 3162 τῶν
897 3099 1090 3160 αλλων
1125 3098 1458 3176 συμμάχων·
1506 3097 1693 3177 ὀλίγοι
1723 3097 1786 3156 δέ
1816 3122 1961 3161 τινες

359 3187 451 3246 καὶ
477 3185 787 3265 Ἑλλήνων·
829 3188 928 3248 ἅτε
965 3187 1076 3268 γὰρ
1115 3187 1257 3248 νέειν
1299 3183 1675 3261 ἐπιστάμενοι,
1706 3189 1859 3244 τοῖσι
1900 3187 1982 3243 αἶ-

358 3277 482 3401 νᾷῐες
522 3275 920 3402 ἒὸεφθείροντο,
956 3275 1048 3333 καὶ
1077 3273 1158 3350 μὴ
1192 3279 1251 3334 ἐν
1278 3296 1480 3351 χειρων
1517 3269 1669 3352 νόμω
1707 3270 1955 3333 ἀπολλυ-
