2259 3500
328 153 425 203 108
943 151 1310 201 ἮΡοΔοτοτ
1805 154 1930 222 [v1

327 256 499 309 μενον
518 232 787 307 τρέπεται
818 231 1127 339 τριφασίας
1163 230 1337 295 ὁδούς·
1385 232 1478 291 καὶ
1502 230 1542 309 ἦ
1569 236 1674 311 μὲν
1701 232 1934 312 ἄσφαλ-

328 346 426 383 τος
455 319 546 378 καὶ
581 322 635 384 οἱ
668 318 800 381 ἅλες
834 319 1144 399 πήγνυνται
1183 322 1510 397 παραυτίκα,
1539 319 1606 381 τό
1645 322 1705 381 δὲ
1743 325 1934 385 ἔλαιον

328 407 638 487 συνάγουσι
674 411 733 465 ἐν
767 405 1025 487 ἀγγείοις,
1052 406 1121 467 τδ
1149 411 1204 465 οἱ
1230 407 1456 484 Πέρσαι
1483 409 1757 469 καλέουσι
1783 412 1931 486 ῥαδι-

326 520 518 571 νακην·
547 496 670 554 ἔστι
690 494 750 551 δὲ
768 496 951 570 μέλαν
970 494 1064 553 καὶ
1084 492 1265 571 ὄδμην
1283 495 1668 574 παρεχόμενον
1691 499 1928 575 βαρέαν·

326 584 565 643 ἐνθαῦτα
588 608 719 645 τους
742 581 1053 659 Ἐρετριέας
1072 583 1356 641 κατοίκισε
1375 583 1656 659 βασιλεῦς
1671 591 1928 662 Δαρεῖος·

326 670 382 729 οἲ
414 670 506 729 καὶ
534 671 702 753 μέχρι
735 670 866 746 ἐμέο
902 670 1057 749 εἶχον
1086 670 1192 745 τὴν
1223 668 1412 749 χώρην
1441 670 1664 747 ταύτην,
1703 673 1929 749 φυλάσ-

324 758 520 821 σοντες
570 757 675 833 τῆν
724 756 967 836 αρχαίην
1016 760 1310 839 γλῶσσαν.
1395 784 1468 817 τα
1520 784 1626 835 μεν
1676 759 1748 836 δὴ
1798 764 1928 837 περὶ

324 844 633 924 Ἐρετριέας
658 844 795 925 ἔσχε
819 871 979 906 ουτω.

232 934 347 993 120
448 934 897 1011 Λακεδαιμονίων
938 930 1075 991 δὲ’
1034 958 1178 1009 ηκον
1219 938 1274 996 ἐς
1311 959 1413 997 τας
1454 931 1696 1009 Ἀθήνας
1742 880 1924 1015 δισχί-

320 1025 437 1081 λιοι
476 1046 619 1098 μετα
657 1021 763 1097 τήν
800 1021 1175 1096 πανσέληνον,
1221 1020 1440 1100 ἔχοντες
1470 1020 1734 1095 σπουδὴν
1779 1028 1924 1082 πολ-

318 1108 431 1183 λὴν
483 1109 830 1184 καταλαβεῖν
881 1107 1023 1167 οὕτω
1076 1105 1223 1167 ὥστε
1265 1111 1506 1184 τριταῖοι
1553 1112 1614 1167 ἐκ
1661 1108 1924 1186 Σπάρτης

318 1195 573 1279 ἐγένοντο
611 1200 670 1255 ἐν
702 1198 777 1273 τῇ
800 1192 1051 1271 Ἀττικῇ·
1090 1192 1320 1271 ὕστεροι
1355 1194 1416 1253 δὲ
1456 1193 1782 1272 ἀπικόμενοι
1819 1202 1922 1273 τῆς

320 1284 639 1358 συμβολῆς,
668 1282 945 1393 ἱμείροντο
978 1281 1146 1358 ὅμως
1151 1281 1472 1357 θεήσασθαι
1508 1280 1639 1346 rufis-
1665 1284 1919 1359 Μήδους·

316 1369 576 1433 ἐλθόντες
616 1369 677 1428 δὲ
712 1373 768 1432 ἐς
800 1368 901 1430 τὸν
926 1370 1251 1446 Μαραθῶνα
1290 1368 1616 1445 ἐθεήσαντο·
1655 1398 1800 1448 μετα
1838 1373 1916 1443 δὲ,

317 1457 587 1520 αἰνέοντες
617 1456 945 1532 Ἀθηναίους
971 1456 1063 1516 καὶ
1094 1482 1160 1518 το
1199 1457 1361 1539 ἔργον
1397 1456 1578 1518 αὖπιῖν
1614 1458 1918 1519 ἀπαλλάσ-

316 1569 490 1605 σοντο
530 1542 733 1606 ὀπίσω.

224 1632 335 1692 121
442 1637 619 1710 Θῶμα
644 1632 708 1692 δέ
721 1658 837 1711 μοι,
860 1632 952 1691 καὶ
978 1630 1080 1692 οὐκ
1104 1631 1394 1709 ἐνδέκομαι
1418 1630 1518 1693 τᾶν
1531 1631 1726 1713 λόγον,
1746 1632 1915 1695 Αλκ-

313 1719 674 1798 pammac*
634 1746 707 1782 αν
734 1746 862 1782 κοτε
886 1719 1148 1790 ἀναδέξαι
1173 1721 1493 1798 Πέρσῃσι’
1467 1746 1527 1779 εκ
1555 1720 1917 1798 συνθήματος

314 1807 545 1880 α’,σ-πίδα,
561 1807 1002 1886 βουλομένους
968 1808 1080 1868 υπό
1110 1807 1477 1885 βαρβαροισί
1492 1834 1556 1869 τε
1583 1809 1720 1869 εἶναι
1745 1809 1914 1888 Ἀθη-

265 1901 272 1911 “
311 1899 497 1960 ναίους
544 1923 636 1955 και
681 1895 821 1955 υπὸ
835 1896 1046 1974 Ἱππίῃ·
1095 1895 1292 1958 οἵτινες
1335 1899 1580 1972 μᾶλλον,
1625 1895 1664 1973 ἢ
1711 1896 1914 1974 ὁμοίως
2003 1899 2010 1905 ’

312 1985 545 2062 Καλλίῃ
571 1987 649 2062 τῷ
674 1983 1005 2052 Φαινίππου,
1030 1981 1356 2043 Ἱππονίκου
1379 1983 1440 2042 δε
1466 2010 1656 2061 πατρι,
1685 1987 1911 2060 φαίνον-

310 2095 405 2132 ται
443 2069 839 2148 μισοτύραννοι
881 2069 1079 2132 ἐόντες.
1161 2071 1426 2146 Καλλίης
1459 2097 1522 2132 τε
1559 2099 1672 2151 γαρ
1708 2077 1914 2148 μοῦνος

310 2157 619 2234 Ἀθηναίων
646 2156 905 2216 ἁπάντων
939 2156 1172 2234 ἐτόλμα,
1208 2154 1346 2220 ὅκως
1377 2160 1794 2236 Πεισίστρατος
1827 2165 1911 2219 ἐκ-

310 2241 479 2305 πέσοι
514 2251 574 2306 ἐκ
612 2248 725 2305 τῶν
760 2241 1054 2320 Ἀθηνέων,
1078 2243 1154 2304 τοὶ
1191 2243 1457 2322 χρήματα
1493 2245 1663 2305 αὐτοῦ
1705 2239 1911 2322 κηρυσ-

314 2332 528 2409 σόμενα
571 2332 684 2393 ὖπδ
724 2335 826 2392 τσὶῗ
860 2331 1138 2408 δημοσίου
1175 2331 1460 2406 ὠνέεσθαι,
1509 2333 1602 2392 καὶ
1643 2333 1714 2392 τσῖ
1734 2331 1912 2394 ἄλλα

220 2421 333 2480 122
350 2420 423 2480 τὰ
454 2421 691 2499 ἔχθιστα
721 2424 776 2483 ἐς
809 2418 980 2481 αὐτὸν
1010 2417 1196 2481 πάντα
1222 2423 1560 2498 ἐμηχανᾶτο.
1644 2421 1912 2480 Καλλίεω

312 2509 373 2568 δὲ
400 2507 603 2568 τούτου
637 2507 791 2578 ἄξιον
824 2510 1127 2587 πολλαχοῦ
1156 2506 1382 2585 μνήμην
1415 2507 1540 2568 ἐστὶ
1569 2507 1754 2569 πάντα
1786 2507 1912 2568 τινὰ

312 2595 475 2674 ἔχειν·
515 2601 682 2656 τοῦτο
728 2598 833 2672 μὲν
878 2595 987 2676 γὰρ
1039 2594 1113 2655 τὰ
1158 2595 1602 2674 προλελεγμένα,
1651 2595 1723 2659 ὦς
1769 2594 1912 2672 ἀνὴρ

309 2682 479 2761 ἄκρος
536 2685 838 2760 ἐλευθερῶν
896 2683 1001 2758 τήν
1057 2683 1327 2759 πατρίδα·
1386 2687 1552 2742 τοῦτο
1611 2683 1670 2742 δὲ
1727 2682 1801 2742 τοὶ
1853 2687 1913 2744 ἔν

309 2771 597 2850 Ὀλυμπίῃ
639 2771 887 2846 ἐποίησε,
927 2770 1075 2828 ἵππω
1111 2769 1346 2845 νικήσας
1376 2770 1685 2848 τεθρίππω,
1701 2769 1760 2828 δὲ
1793 2768 1912 2832 δεύ-

307 2884 466 2936 τερος
513 2858 824 2941 γενόμενος,
871 2857 1061 2918 Πυθια
1116 2857 1178 2916 δὲ
1227 2857 1502 2934 πρότερον
1559 2843 1910 2933 ανελόμενος,

308 2945 633 3025 ἐφανερώθη
666 2951 721 3009 ἐς
751 2972 880 3008 τους
901 2944 1193 3020 Ἕλληνας
1222 2943 1433 3007 πάντας
1468 2945 1778 3024 μεγίστῃσι
1819 2943 1910 3000 δα-

308 3033 541 3112 πᾶνῃσι·
581 3039 749 3096 τοῦτο
776 3034 834 3092 δὲ
862 3034 1003 3093 κατὰ
1027 3057 1129 3094 τας
1151 3035 1349 3092 ἑωυτοῦ
1371 3032 1694 3111 θυγατέρας,
1711 3027 1913 3090 ἐούσας

308 3125 471 3199 ἵρεῖς,
516 3123 633 3186 οἶός
673 3148 757 3185 τις
798 3121 938 3198 ἀνὴρ
982 3120 1220 3200 ἐγένετο·
1269 3119 1457 3194 ἐπειδὴ
1498 3117 1610 3199 γὰρ
1657 3115 1912 3196 ἐγένοντο

310 3207 495 3288 γάμου
531 3211 741 3287 ωραῖαι,
779 3209 945 3270 ἔδωκέ
982 3214 1095 3284 σφι
1137 3206 1343 3284 δωρεὴν
1376 3200 1912 3285 μεγαλοπρεπεστά-

310 3297 723 3375 την,ἐκείνῃσί
762 3323 825 3359 τε
870 3285 1196 3376 ἐχαρισατο·
1252 3299 1313 3352 ἐκ
1364 3317 1477 3371 γαρ
1531 3289 1750 3348 πάντων
1801 3290 1912 3356 τῶν
