2259 3500
339 127 405 176 ιο
919 157 923 164 -
963 124 1327 175 mmmmm·
1844 124 1940 191 [V.

241 203 322 264 90
337 204 610 283 ἆνᾶρσια.-
679 203 777 270 Ἐς
810 207 1080 283 τιμωρίην
1111 205 1173 264 δὲ
1206 204 1822 283 παρασκευαζομένοισι
1849 205 1942 266 αὖ·

336 296 492 353 τοῖσι
553 298 616 353 ἐκ
662 294 1112 371 Λακεδαιμονίων
1162 297 1399 374 πρῆγμα
1446 292 1795 374 ἐγειρόμενον
1849 300 1942 372 ἐμ-

341 379 539 442 πόδιον
579 382 817 462 ἐγένετο.
897 381 1205 459 πυθόμενοι
1250 382 1363 463 γὰρ
1416 385 1473 441 οἱ
1512 381 1942 459 Λακεδαιμόνιοι

333 467 406 528 τὰ
443 472 506 528 ἐκ
547 472 658 530 τῶν
688 467 1167 547 Ἀλκμαιωνιδέων
1208 475 1263 534 ἐς
1295 468 1400 545 τὴν
1431 469 1654 545 Πυθίην
1687 495 1941 550 μεμηχα-

337 557 564 634 νημένα,
613 557 706 616 καὶ
747 557 820 618 τὰ
861 563 923 626 ἐκ
972 562 1074 633 τῆς
1115 559 1332 634 Πυθίης
1374 557 1467 616 ἐπὶ
1516 559 1702 632 σφέας
1742 584 1806 618 τε
1848 560 1940 618 καὶ

335 640 464 708 τοῧς
506 646 996 723 Πεισιστρατίδας,
1038 645 1345 723 συμφορήν
1388 649 1671 706 ἐποιεῦντο
1712 646 1938 723 διπλῆν,

333 729 424 792 ὅτι
461 758 524 793 τε
563 731 765 811 ἄνδρας
802 734 1008 803 ξείνους
1044 741 1157 810 σφι
1194 732 1384 796 ἐόντας
1423 731 1841 808 ἐξεληλάκεσαν
1879 740 1941 794 ἐκ

317 824 435 896 ’τῆς
469 822 688 880 ἐκείνων
723 822 816 888 καὶ
855 820 942 882 ὅτι
980 827 1157 882 ταῦτα
1196 820 1478 898 ποιήσασι
1510 820 1674 900 χάρις
1709 821 1939 899 οὐδεμία

335 909 592 983 ἐφαίνετο
627 908 768 986 πρός
799 913 910 969 τῶν
944 908 1275 986 Ἀθηναίων·
1330 910 1411 969 ἔτι
1451 934 1523 969 τε.
1554 908 1697 986 πρός
1726 909 1937 970 τούτοι-

332 1020 398 1055 σι
451 996 651 1105 ἐνῆγόν
696 1002 880 1073 σφεας
923 1000 976 1056 οἱ
1015 998 1286 1104 χρησμοὶ,
1335 997 1597 1078 λέγοντες
1638 997 1833 1059 πολλά
1874 1023 1937 1058 τε

316 1083 426 1141 καὶ
473 1109 742 1160 αναρσια
770 1084 1004 1144 ἔσεσθαι
1057 1082 1283 1148 αὐτοῖσι
1336 1086 1399 1155 ἐξ
1446 1084 1773 1161 Ἀθηναίων·
1823 1089 1937 1146 τῶν

331 1168 604 1248 πρότερον
661 1173 766 1248 μὲν
809 1170 1000 1247 ἦσαν
1021 1170 1231 1243 αδαέες,
1290 1172 1418 1233 τότε
1472 1171 1532 1231 δὲ
1587 1172 1936 1279 Κλεομένεος

315 1259 670 1334 -κομίσαντος
731 1263 788 1322 ἐς
817 1259 1108 1365 Σπαρτην
1172 1259 1455 1337 ἐξέμαθον.
1544 1259 1821 1336 ἐκτήσατο
1874 1261 1935 1320 δὲ

312 1345 364 1404 ,ὁ
413 1347 741 1422 Κλεομένης
797 1351 858 1406 ἐκ
903 1350 1045 1422 τῆς
1057 1345 1364 1422 Ἀθηναίων
1416 1346 1755 1425 ἀκροπόλιος
1804 1347 1933 1412 τούς

325 1434 640 1512 χρησμοῦς,
691 1433 822 1498 τούς
873 1436 1099 1511 ἔκτηντο
1153 1437 1257 1511 μὲν
1304 1435 1576 1513 πρότερον
1628 1437 1683 1494 οἳ
1736 1439 1931 1494 Πεισι-

331 1521 626 1597 στρατίδαι
663 1521 1085 1599 ἐξελαυνόμενοι
1125 1523 1187 1582 δὲ
1226 1524 1425 1584 ἔλιπον
1461 1527 1520 1582 ἐν
1553 1525 1631 1601 τῷ
1667 1523 1805 1600 2943·-
1836 1547 1929 1580 κα-

237 1608 733 1686 91·ταλειφθέντας
779 1611 839 1670 δὲ
871 1609 919 1671 Ᾰό
966 1611 1293 1688 Κλεομένης
1344 1609 1606 1687 ἀνέλαβε.
1693 1609 1833 1670 Τότε
1870 1610 1931 1669 δὲ

329 1695 402 1762 ὥς
441 1695 812 1776 ἀνέλαβονοῖ
847 1697 1281 1776 Λακεδαιμόνιοι
1321 1698 1452 1762 τούς
1492 1697 1800 1777 χρησμοῦς,
1838 1699 1929 1759 καὶ

326 1785 456 1850 τούς
507 1778 834 1864 Ἀθηναίους
887 1786 1083 1864 ἐῶρεον
1149 1786 1483 1864 αὐξομένους
1534 1787 1627 1844 καὶ
1679 1784 1931 1861 οὐδαμῶς

334 1875 587 1951 ἑτοίμους
629 1874 820 1938 ἐόντας
862 1876 1167 1935 πείθεσθαί
1196 1880 1331 1949 σφι,
1376 1872 1485 1953 νόῳ
1534 1871 1813 1948 λαβόντες
1858 1872 1925 1935 ὥς

327 1961 621 2037 ἐλεύθερον
650 1964 756 2036 μὲν
791 1961 884 2021 ἐὸν
919 1962 986 2021 τό
1022 1962 1184 2043 γένος
1221 1961 1289 2022 τὸ
1327 1959 1585 2020 Ἀττικόν
1626 1957 1927 2035 ἰσόρροπον

323 2050 403 2126 τῷ
445 2051 657 2108 ἑωυτῶν
697 2048 927 2129 γίνοιτο,
961 2049 1335 2129 κατεχόμενον
1372 2048 1496 2107 δε“
1462 2074 1573 2108 υπο
1609 2047 1927 2124 τυραννίδος

327 2133 559 2198 ἀσθενὲς
613 2136 706 2194 καὶ
758 2137 1193 2216 πειθαρχέεσθαι
1244 2140 1485 2213 ἑτοῖμον·
1542 2134 1815 2214 μαθόντες
1868 2136 1927 2195 δὲ

317 2222 539 2283 τούτων
588 2223 814 2295 ἕκαστα,
861 2226 1285 2301 μετεπέμποντο
1325 2224 1549 2301 Ἱππίην
1589 2222 1689 2284 τόν
1730 2230 1925 2283 Πεισι-

320 2336 574 2386 στρατου
625 2310 739 2371 οἷπο
788 2312 1008 2393 Σιγείου
1056 2316 1160 2373 τοῦ
1215 2318 1273 2372 ἐν
1317 2312 1743 2391 Ἑλλησπόντῳ,
1792 2316 1846 2374 ἐς
1890 2338 1922 2372 ο

317 2397 747 2478 ’καταφεύγουσι
787 2402 842 2459 οἶ
888 2400 1373 2476 Πεισιστρατίδαι·
1430 2403 1554 2461 ἐπεί
1587 2426 1651 2462 τε
1701 2400 1765 2459 δέ
1814 2406 1926 2475 σφι

324 2483 546 2570 Ἱππίης
591 2486 926 2563 καλεόμενος
970 2484 1088 2564 ἧκε,
1135 2488 1633 2565 μεταπεμψάμενοι
1688 2488 1791 2546 καὶ·
1817 2491 1927 2547 τῶν

304 2571 517 2632 ἄλλων
552 2574 865 2654 συμμάχων
895 2574 1189 2656 ἀγγέλους,
1218 2574 1413 2655 διεγόν
1440 2581 1553 2650 σφι
1580 2576 1927 2651 Σπαρτιῆται

325 2660 478 2719 τάδε·
530 2670 566 2697 “
585 2659 777 2738 ἄνδρες
823 2660 1135 2740 σύμμαχοι,
1190 2686 1653 2742 σ-υγγινωσκομεν
1704 2660 1927 2722 αυτοῖσι

319 2746 461 2825 ἡμῖν
509 2774 574 2808 ου
622 2747 904 2826 ποιήσασι
947 2748 1144 2826 ὀρθῶς·
1200 2749 1526 2826 ἐπαρθέντες
1570 2750 1683 2830 γοὶρ
1732 2750 1926 2827 κιβδή-

316 2840 486 2896 λοισι
537 2838 877 2914 μαντηιοισι,
921 2834 1124 2913 ανδρας
1176 2837 1383 2907 ξείνους
1428 2837 1621 2901 ἐόντας
1670 2838 1807 2916 ἡμῖν
1855 2864 1928 2898 τα

323 2923 580 3002 μαλιστα
607 2924 699 2983 καὶ
725 2922 1214 3001 αναδεκομένους“
1180 2924 1501 3004 υποχειρίας
1529 2926 1787 3003 παρέξειν
1826 2950 1927 2989 τας

317 3010 580 3088 ·Ἀθήνας,
608 3012 838 3076 τούτους
879 3016 941 3071 ἐκ
976 3015 1078 3087 τῆς
1113 3011 1380 3089 πατρίδος
1418 3011 1794 3091 ἐξηλασαμεν,
1833 3012 1928 3072 καὶ

329 3100 534 3171 ἔπειτα,
562 3100 899 3178 ποιήσαντες
938 3104 1130 3170 ταῦτα,
1163 3099 1393 3180 δήμῳ’
1356 3102 1644 3181 αχαρίστω
1683 3099 1925 3177 παρεδαῖ

315 3210 498 3264 ’καμεν
532 3189 638 3267 τήν
669 3190 858 3250 πόλιν·
900 3215 962 3253 ος
995 3190 1120 3249 ε’πεί
1144 3216 1207 3250 τε
1248 3188 1314 3248 δι’
1340 3188 1529 3266 ήμέας
1542 3188 1928 3267 ἐλευθερωθεὶς

315 3272 580 3353 'civium-pe,
625 3278 800 3355 ἡμέας
827 3280 946 3356 μὲν
969 3280 1082 3337 .καὶ
1127 3278 1229 3338 τόν.
1265 3278 1519 3353 βασιλέα
1560 3278 1927 3354 ἡμέων-περι·
