2259 3500
347 134 630 199 192-197]
967 133 1343 185 nOA‘rMMA.
1849 136 1943 187 201

325 217 666 277 ·δικαστέων·
721 214 753 275 ὅ
796 215 1087 291 Σανδώκης
1129 216 1221 275 ἐπὶ
1260 214 1521 294 χρήμασι
1562 212 1755 275 ἄδικον
1792 212 1949 291 δίκήν

347 305 587 363 ἐδίκασε·
633 303 1147 380 ἀνακρεμασθέντος
1181 301 1255 362 ὧν
1296 302 1483 372 αὐτοῦ,
1522 302 1880 383 λογιζόμενος
1916 302 1948 362 ὅ

348 396 584 469 Δαρεῖος
621 388 747 468 εὗρέ
778 394 832 450 οἱ
863 391 1018 449 πλέω
1050 390 1237 471 ἀγαθοὶ
1273 394 1385 450 τῶν
1414 390 1823 468 ἁμαρτημάτων
1855 416 1947 448 πε-

347 480 621 556 ποιημένα
649 484 704 542 ἐς
731 479 884 539 οἶκον
917 478 1018 539 τᾶν
1047 477 1380 555 βασιλήϊον·
1425 477 1595 555 εἰρών
1622 478 1681 537 δὲ
1716 482 1881 538 τοῦτο
1916 478 1950 537 ὁ

349 571 600 645 Δαρεῖος,
631 568 723 625 καὶ
757 566 924 648 γνοῧς
961 565 1034 630 ὥς
1066 566 1347 645 ταχύτερα
1380 566 1547 629 αὖτός
1582 566 1621 642 ἢ
1652 566 1951 643 σοφώτερα

351 656 690 735 ἐργασμένος
744 656 845 729 εἴη,
888 655 1074 713 ἔλυσε.
1158 655 1413 731 βασιλέα
1456 656 1560 731 μὲν
1598 654 1667 730 δὴ
1709 659 1953 731 Δαρεῖον

351 742 492 801 οὕτω
533 742 816 823 διαφυγών
855 741 934 818 μὴ
977 740 1313 811 ἀπολέσθαι,
1355 745 1570 819 περιῆν·
1624 742 1752 802 τότε
1800 743 1859 801 δὲ
1900 747 1955 805 ἐς

350 828 478 892 τούς
507 830 796 905 “Ἐλληνας
827 830 1220 900 καταπλώσας,
1258 832 1459 907 ἔμελλε
1496 829 1561 889 οὗ
1599 829 1665 889 τό
1702 830 1953 907 δεύτερον

353 917 636 999 διαφυγών
658 919 908 977 ἔσεσθαι·
941 918 1010 980 ὥς
1029 917 1139 998 γαῖρ
1158 924 1344 993 σφεας
1364 917 1509 979 εἶδον
1528 919 1956 995 προσπλέοντας

353 1009 408 1063 οἱ
438 1004 727 1081 Ἕλληνες,
769 1005 1042 1082 μαθόντες
1083 1003 1263 1065 αὐτῶν
1302 1005 1405 1082 τήν
1444 1006 1739 1086 γινομένην
1778 1006 1953 1084 ἁμαρ-

351 1093 508 1163 τάδα,
566 1094 982 1172 ἐπαναχθέντες,
1026 1092 1289 1157 εὖπετέως
1342 1095 1526 1169 σφέας
1570 1095 1737 1155 εἷλον.
1820 1095 1915 1154 Ἐν
1935 1096 2049 1154 195

353 1184 588 1242 τουτέων
626 1186 730 1261 μιῇ
768 1181 1056 1259 Ἀρίδωλις
1095 1183 1283 1241 πλέων
1320 1181 1459 1257 ἥλω,
1486 1182 1747 1259 τύραννος
1786 1182 1956 1242 Ἀλα-

355 1270 576 1346 βάνδων
625 1274 736 1331 τῶν
787 1274 847 1330 ἐν
900 1270 1104 1347 Καρίῃ·
1176 1274 1233 1329 ἐν
1293 1271 1449 1350 ἑτέρῃ
1504 1270 1579 1340 δὲ,
1640 1270 1673 1330 ὁ
1728 1271 1957 1347 Πάφιος

358 1359 672 1439 στρατηγὸς
706 1357 1002 1420 Πενθύλος
1028 1356 1060 1416 ό
1089 1357 1403 1434 Δημονόου,
1434 1358 1498 1421 ὃς
1537 1357 1642 1439 ἦγε
1681 1362 1785 1435 μὲν
1826 1358 1954 1419 δυῶ-

359 1444 488 1503 ὃεκα
542 1451 676 1521 νῆας
729 1451 788 1505 ἐκ
843 1445 1072 1521 Πάφου,
1129 1444 1442 1522 ἀποβαλων
1496 1445 1559 1505 δέ
1610 1454 1805 1521 σφεων
1856 1446 1959 1509 τὰς

361 1532 550 1591 ἕνδεκα
573 1537 648 1610 τῷ
679 1538 905 1611 χειμῶνι
939 1537 1016 1611 τῷ
1054 1534 1331 1614 γενομένῳ
1373 1531 1512 1593 κατοὶ
1555 1534 1828 1607 Σηπιάδα,
1854 1538 1957 1613 μιῇ

359 1624 431 1696 τῇ
472 1622 864 1700 περιγενομένῃ
912 1623 1237 1680 καταπλέων
1285 1620 1367 1679 ἐπ’
1407 1621 1765 1697 Ἀρτεμίσιον
1817 1620 1958 1696 ἥλω.

359 1706 587 1770 τούτους
627 1708 680 1766 οἱ
709 1706 1001 1784 Ἕλληνες,
1033 1708 1495 1787 ἐξιστορήσαντες
1533 1707 1605 1769 ταῖ
1646 1708 1957 1785 ἐβούλοντο

361 1797 640 1856 πυθέσθαι
693 1795 804 1856 ἀπό
843 1801 944 1873 τῆς
983 1797 1199 1875 Ξέρξεω
1240 1801 1523 1874 στρατιῆς,
1558 1796 1959 1875 ἀποπέμπουσι

362 1885 677 1961 δεδεμένους
703 1891 757 1948 ἐς
781 1885 880 1944 τὸν
901 1886 1209 1962 Κορινθίων
1232 1884 1483 1961 Ἰσθμόν.

441 1973 510 2032 ‘O
551 1977 654 2050 μὲν
695 1973 762 2048 δὴ
801 1973 1056 2038 ναυτικὰς
1094 1973 1126 2033 ὁ
1166 1977 1275 2033 τῶν
1306 1971 1618 2051 βαρβάρων
1656 1973 1912 2049 στρατὸς,
1937 1976 2051 2034 196

361 2062 541 2139 πάρεξ
576 2067 685 2122 τῶν
725 2062 1112 2121 πεντεκαίδεκα
1152 2067 1287 2122 νεῶν
1325 2065 1435 2121 τῶν
1477 2061 1632 2121 εἶπον
1669 2060 1961 2125 Σανδώκεα

363 2152 743 2230 στρατηγέειν,
777 2149 1004 2209 οἷπίκετο
1039 2155 1094 2212 ἐς
1127 2149 1393 2225 Ἀφέτας.
1474 2149 1685 2225 ’Ξέρξης
1716 2149 1774 2207 δὲ
1808 2150 1897 2208 καὶ
1928 2149 1961 2208 ὁ

364 2238 542 2311 πεζὰς,
572 2238 858 2313 πορευθεὶς
887 2237 977 2296 διὰ
1015 2239 1341 2313 Θεσσαλίης
1382 2237 1473 2295 καὶ
1497 2236 1767 2316 Ἀχαιΐης,
1796 2240 1961 2313 ἐσβε-

366 2323 657 2398 βληκως’
621 2349 690 2398 ην
719 2325 808 2381 καὶ
836 2324 904 2400 δη
923 2328 1167 2401 τριταῖος
1193 2329 1247 2386 ἐς
1267 2325 1542 2400 Μηλιέας·
1587 2330 1645 2383 ἐν
1665 2325 1961 2403 Θεσσαλίῃ

367 2412 469 2487 μὲν
509 2409 756 2487 ἅμιλλαν
794 2410 1171 2486 ποιησάμενος
1204 2412 1383 2470 ἵππων
1414 2416 1525 2471 τῶν
1566 2416 1782 2484 ἑωυτοῦ,
1827 2411 1963 2472 (ἰπο-

367 2497 700 2574 πειρώμενος
749 2499 841 2556 καὶ
892 2502 992 2574 τῆς
1045 2500 1371 2574 Θεσσαλίης
1417 2501 1605 2569 ἵππου,
1653 2499 1964 2577 πυθόμενος

370 2612 441 2648 ως
467 2585 671 2662 οἷρίστη
694 2587 776 2662 εἴη
802 2590 913 2646 τῶν
933 2592 990 2646 ἐν
1007 2586 1281 2662 Ελλησι·
1317 2588 1447 2649 ἔνθα
1474 2587 1541 2664 δή
1563 2591 1621 2647 αἶ
1640 2587 1965 2662 Ἑλληνίδες

371 2699 532 2732 ιπποι
559 2675 820 2735 ἐλίποντο
845 2674 1078 2735 πολλόν.
1166 2679 1275 2735 τῶν
1310 2677 1414 2752 μέν
1430 2676 1545 2734 Ινυν
1578 2680 1635 2734 ἐν
1667 2677 1965 2754 Θεσσαλίῃ

346 2759 651 2838 ’ποταμῶν,
711 2761 1019 2842 Ὀνόχωνος
1098 2766 1305 2839 μοῦνος
1372 2789 1471 2822 ουκ
1540 2761 1828 2839 απέχρησε
1893 2768 1965 2840 τῇ

371 2853 608 2927 στρατιῇ
653 2850 718 2910 τὸ
761 2851 1001 2928 ῥέεθρον,
1043 2849 1355 2926 πινόμενος·
1396 2855 1507 2909 τῶν
1543 2849 1602 2908 δὲ
1640 2853 1698 2908 ἐν
1726 2847 1967 2928 ,Ἀχαιίῃ

370 2937 906 3015 ποταμῶνόῥεόντων,
940 2938 1065 2998 οὐδὲ
1090 2937 1249 3000 ὅστις
1280 2937 1311 2997 ὁ
1338 2939 1606 3018 μέγιστος
1640 2935 1818 2994 αὐτῶν
1844 2939 1968 2996 ἐστὶ

370 3023 688 3099 Ἠπιδανὸς,
721 3025 847 3084 οὐδὲ
875 3023 1035 3089 οὗτος
1060 3025 1314 3105 ἀντέσχε,
1347 3029 1395 3082 εἴ
1420 3023 1501 3099 μή
1530 3023 1809 3098 φλαύρως.

453 3112 548 3176 Ἐς
577 3112 760 3172 Ἀλον
795 3115 854 3171 δὲ
891 3117 994 3188 τῆς
1019 3112 1275 3192 Ἀχαιΐης
1306 3110 1619 3186 ἀπικομένῳ
1650 3109 1847 3186 Ξέρξῃ,
1876 3110 1929 3166 οἱ
1951 3109 2063 3168 197

365 3201 745 3283 κατηγεμόνες
768 3206 870 3277 τῆς
893 3200 1026 3261 ὁδοῦ
1044 3199 1389 3278 βουλόμενοι
1407 3197 1472 3256 τό
1493 3200 1605 3255 πᾶν
1626 3196 1967 3277 ἐξηγέεσθαι,

373 3289 571 3371 ἔλεγόν
618 3293 670 3349 οἱ
714 3289 1008 3366 ἐπιχώριον
1062 3287 1253 3367 λόγον,
1297 3285 1369 3344 τοὶ
1422 3284 1549 3360 περὶ
1593 3283 1659 3342 τὸ
1709 3283 1827 3361 ἱρόν
1870 3287 1972 3343 τοῦ
