2259 3500
361 116 645 179 lau—134]
980 114 1353 165 noA‘rMmA.
1869 116 1958 168 171

362 196 545 257 ἔθνεος
586 192 1042 274 ἐπαγγέλλεσθαι
1084 193 1308 270 φιλίην·
1353 193 1508 261 εἴπας
1543 193 1604 254 δὲ
1642 196 1834 267 ταῦτα,
1868 194 1962 255 καὶ

362 280 724 358 θεησάμενος,
754 279 1001 341 ἀπέπλεε
1028 285 1082 345 ἐς
1106 280 1210 357 τήν
1235 280 1478 358 Θέρμην.

442 369 511 428 Ὁ
538 372 641 445 μὲν
667 369 734 444 δή
760 368 887 445 περὶ
914 370 1148 446 Πιερίην
1183 368 1426 445 διέτριβε
1453 369 1662 447 ἡμέρας
1687 369 1917 450 συχνάς·
1940 370 2050 430 13].

360 456 427 516 τό
451 456 561 537 γὰρ
588 456 657 533 δὴ
684 454 845 533 οὖρος
868 455 934 515 τό
962 456 1345 516 Μακεδονικόν
1373 457 1542 534 ἔκειρε
1567 461 1668 533 τῆς
1695 462 1962 535 στρατιῆς

360 544 695 621 τριτημορὶς,
745 543 833 603 ἵνα
874 543 1049 622 ταύτῃ
1090 543 1264 622 διεξίῃ
1305 542 1501 603 ἅπασα
1542 544 1579 621 ἡ
1625 544 1862 622 στρατιή
1904 550 1960 609 ἐς

362 631 733 708 Περραιβούς.
820 634 873 690 οἱ
900 631 959 689 δὲ
986 630 1054 706 δὴ
1083 630 1310 707 κήρυκες
1338 634 1390 690 οἱ
1417 631 1880 709 ἀποπεμφθέντες
1907 638 1962 696 ἐς

342 718 464 794 ιτὴν
486 717 741 777 Ἑλλάδα
767 719 859 777 ε’πὶ
883 722 989 799 γῆς
1016 719 1240 794 αἴτησιν
1265 717 1551 778 ἀπικέατο·
1581 722 1634 778 οἱ
1654 722 1756 795 μὲν
1775 720 1958 789 κεινοὶ,

365 807 419 863 οἶ
454 804 513 863 δὲ
554 806 815 881 φέροντες
855 809 962 885 γῆν
1002 830 1065 865 τε
1108 806 1202 864 καὶ
1244 804 1408 883 ὕδωρ.
1473 811 1584 867 τῶν
1615 806 1675 865 δὲ
1717 805 1919 867 δόντων
1941 809 2054 867 132

363 896 541 951 ταῦτα
576 893 828 972 ἐγένοντο
864 892 923 952 οἷ
953 918 997 952 ε·
1040 894 1351 964 Θεσσαλοὶ,
1388 893 1664 965 Δόλοπες,
1696 894 1956 969 Ἐνιῆνες,

367 980 697 1057 Περραιβοὶ,
734 981 961 1058 Λοκροὶ,
998 980 1314 1062 Μάγνητες,
1349 982 1614 1057 Μηλιέες,
1644 980 1867 1060 Ἀχαιοὶ
1907 984 1962 1041 οἶ

364 1068 623 1138 Φθιῶται,
666 1067 757 1127 καὶ
797 1069 1059 1144 Θηβαῖοι,
1095 1069 1188 1127 καὶ
1223 1071 1276 1129 οἱ
1316 1067 1488 1128 ἄλλοι
1529 1068 1762 1129 Βοιωτοὶ
1809 1069 1963 1144 πλὴν

365 1156 648 1215 Θεσπιέων
683 1182 745 1215 τε
784 1156 875 1214 καὶ
907 1157 1258 1216 Πλαταιέων.
1341 1156 1432 1216 ε’πὶ
1463 1155 1716 1216 τούτοισι
1749 1158 1802 1216 οἶ
1822 1153 1960 1215 Ἔλ-

365 1245 529 1318 ληνες
556 1244 762 1320 ἔταμον
790 1242 976 1320 ὅρκιον
1004 1247 1057 1303 οἱ
1081 1248 1161 1322 τῷ
1184 1244 1464 1324 βαρβάρῳ
1490 1243 1744 1321 πόλεμον
1780 1242 1959 1320 α’,ειρά-

364 1355 539 1405 μενοι·
596 1330 661 1390 τὸ
716 1332 775 1389 δὲ
822 1330 1008 1408 ὅρκιον
1062 1330 1167 1391 ὦδε
1214 1332 1348 1411 εἶχε·
1410 1342 1444 1367 “
1463 1331 1592 1391 ὅσοι
1634 1337 1710 1410 τῷ
1756 1333 1959 1410 Πέρσῃ

367 1416 565 1478 ἔδοσάν
601 1424 783 1495 σφεας
820 1418 1018 1482 αὖτοῦς
1032 1417 1314 1494 Ἕλληνες
1345 1417 1541 1489 ε’όντες,
1567 1418 1648 1495 μή
1677 1419 1955 1500 ἀναγκασ-

367 1504 563 1574 θέντες,
586 1504 976 1566 καταστάντων
1002 1513 1113 1581 σφι
1143 1504 1201 1564 εὗ
1227 1510 1337 1565 τῶν
1357 1506 1713 1586 πρηγμάτων,
1734 1506 1961 1571 τούτους
2040 1558 2059 1569 .

366 1591 691 1652 δεκατεῦσαι
720 1597 797 1671 τῷ
832 1598 889 1652 ἐν
928 1596 1219 1668 Δελφοῖσι
1255 1592 1410 1671 θεῷ·”
1451 1594 1518 1652 τό
1545 1596 1648 1669 μὲν
1675 1592 1743 1668 δὴ
1773 1592 1961 1671 ὅρκιον

366 1677 468 1738 ὧδε
488 1680 603 1760 εἶχε
616 1679 1047 1757 τοῖσιἝλλησι.
1097 1680 1195 1743 Ἐς
1211 1680 1270 1739 δὲ
1288 1679 1528 1756 Ἀθήνας
1549 1680 1640 1738 καὶ
1658 1680 1920 1756 Σπάρτην
1941 1682 2056 1740 133

366 1767 465 1826 οὐκ
502 1768 796 1847 ἀπέπεμψε
838 1768 869 1828 ὁ
910 1770 1141 1846 Πέρσης
1181 1770 1271 1828 ἐπὶ
1310 1773 1416 1849 γῆς
1463 1768 1684 1844 αἴτησιν
1726 1767 1962 1845 κήρυκας

364 1855 533 1916 τῶνδε
560 1857 755 1917 εἵνεκα·
795 1856 1066 1934 πρότερον
1103 1857 1342 1933 Δαρείου
1369 1856 1690 1934 πέμψαντος
1717 1855 1800 1914 ἐπ’
1828 1855 1963 1916 air&

364 1947 545 2014 τοῦτο,
581 1948 633 2004 οἱ
665 1948 770 2021 μὲν
802 1944 980 2004 αὐτῶν
1014 1943 1143 2006 τούς
1181 1945 1462 2007 αἰτέοντας
1488 1948 1543 2008 ἐς
1569 1942 1635 2004 τό
1667 1942 1962 2021 βάραθρον

366 2034 421 2090 οἱ
446 2031 503 2090 δὲ
532 2038 585 2095 ἐς
611 2033 792 2109 φρέαρ
819 2031 1183 2110 ἐσβαλόντες,
1207 2033 1462 2092 ἐκέλευον
1479 2035 1588 2113 γῆν
1612 2057 1676 2092 τε
1703 2032 1794 2090 καὶ
1821 2029 1961 2109 ὕδωρ

366 2125 427 2178 ἐκ
461 2121 667 2181 τούτων
695 2122 884 2198 φέρειν
920 2120 1073 2193 παρὰ
1106 2121 1379 2197 βασιλέα·
1419 2119 1630 2180 τούτων
1653 2121 1756 2197 μὲν
1783 2121 1962 2179 εἵνεκα

366 2206 467 2266 οὐκ
503 2209 713 2286 ἔπεμψε
749 2208 958 2287 Ξέρξης
988 2208 1117 2271 τούς
1154 2207 1504 2285 αἰτήσοντας.
1586 2206 1618 2267 ὅ
1643 2233 1699 2268 τι
1725 2208 1784 2266 δὲ
1809 2211 1962 2267 τοῖσι

365 2292 717 2369 Ἀθηναίοισι
741 2300 917 2355 ταῦτα
940 2296 1220 2370 ποιήσασι
1244 2295 1372 2359 τοῦς
1410 2295 1647 2372 κήρυκας
1674 2294 1962 2370 συνήνεικε

370 2379 701 2456 ἀνεθέλητον
726 2382 1003 2462 γενέσθαι,
1032 2382 1131 2440 οὐκ
1157 2384 1264 2462 ἔχω
1291 2383 1458 2451 εἶπαι,
1485 2382 1638 2458 πλὴν
1659 2381 1744 2443 ὅτι
1772 2383 1964 2458 σφέων

371 2465 408 2540 ἦ
447 2467 603 2544 χώρη
645 2467 736 2526 καὶ
772 2467 809 2543 ἦ
851 2466 1016 2532 πόλις
1057 2468 1310 2545 ἔδηῖὥθη·
1368 2469 1522 2528 ἀλλὰ
1563 2474 1730 2530 τοῦτο
1769 2469 1832 2529 οὗ
1874 2470 1964 2529 διὰ

370 2554 574 2631 ταύτην
593 2555 695 2632 τῆν
716 2557 895 2632 αἰτίην
921 2555 1089 2616 δοκέω
1114 2557 1397 2638 γενέσθαι.
1439 2562 1605 2616 Τοῖσι
1632 2558 1691 2616 δὲ
1719 2557 1791 2619 ὦν
1810 2565 1923 2616 Λα·-
1944 2559 2060 2618 134

372 2642 769 2720 κεδαιμονίοισι
792 2648 956 2721 μῆνις
983 2645 1299 2722 κατέσκηψε
1328 2646 1656 2721 Ταλθυβίου
1675 2649 1775 2704 τοῦ
1794 2644 1963 2726 Ἀγα-

302 2789 307 2794 ,
368 2731 641 2808 μέμνονος
665 2731 915 2809 κήρυκος·
958 2734 1040 2813 (ἐν
1070 2732 1180 2813 γοὶρ
1215 2731 1445 2812 Σπάρτῃ
1479 2733 1602 2792 ἐστὶ
1635 2733 1962 2807 Ταλθυβίου

372 2817 507 2894 ἱρόν·
551 2819 663 2879 εἶσὶ
689 2819 747 2878 δὲ
781 2819 873 2878 καὶ
904 2818 1174 2901 ἀπόγονοι
1199 2821 1546 2897 Ταλθυβίου,
1573 2817 1964 2892 Ταλθυβιάδαι

370 2907 713 2984 καλεόμενοι,
740 2911 893 2967 τοῖσι
920 2911 979 2966 αἱ
1006 2908 1294 2984 κηρυκηΐαι
1320 2911 1378 2966 αἱ
1405 2912 1464 2966 ἐκ
1493 2905 1754 2982 Σπάρτης
1784 2909 1966 2965 πᾶσαι

368 2994 535 3072 γέρας
567 2995 858 3074 &Rom-av)
892 2995 1035 3071 μετὰ
1071 2995 1131 3054 δὲ
1163 2998 1354 3064 ταῦτα,
1389 2995 1542 3053 τοῖσι
1579 2991 1966 3069 Σπαρτιήτῃσι

313 3129 321 3138 .
368 3085 743 3160 καλλιερῆσαι
785 3082 1106 3158 θυομένοισι
1139 3080 1238 3140 οὐκ
1279 3081 1522 3140 ἐδύνατο·
1575 3082 1742 3138 τοῦτο
1786 3078 1831 3136 δ’
1876 3081 1967 3138 ἐπὶ

366 3169 571 3249 χρόνον
606 3169 820 3251 συχνόν
855 3168 925 3243 ἦν
961 3174 1092 3245 σφι·
1134 3167 1457 3246 ἀχθομένων
1491 3164 1551 3222 δὲ
1578 3164 1669 3222 καὶ
1696 3171 1969 3246 συμφορῇ

363 3260 691 3340 χρεωμένων
720 3255 1190 3332 Λακεδαιμονίων,
1226 3253 1392 3328 ἁλίης
1418 3275 1481 3312 τε
1517 3249 1796 3316 πολλάκις
1827 3258 1966 3312 συλ-
