2259 3500
360 159 644 224 114—119]
1056 158 1284 207 num.
1865 159 1958 213 10⁷

357 237 568 301 πάθεος
596 235 819 313 ἥκουσα
850 234 1065 297 τοιόνδε
1089 236 1216 297 τινά
1239 234 1437 316 λόγον·
1477 234 1648 312 ἄνδρα
1672 236 1728 295 οἶ
1753 235 1962 297 δοκέειν

357 323 599 401 ὁπλίτην
624 323 949 399 ἀντιστῆναι
973 323 1153 404 μέγαν
1177 328 1280 383 τοῦ
1298 321 1366 383 τὰ
1391 323 1604 403 γένειον
1619 320 1726 399 τήν
1743 320 1960 383 ἀσπίδα

358 416 552 472 πᾶσαν
598 410 863 481 σκιάζειν,
904 411 971 469 τὸ
1015 410 1076 469 δὲ
1131 411 1340 488 φάσμα
1389 414 1554 471 τοῦτο
1607 410 1808 471 ἐωυτὸν
1857 412 1960 488 μὲν

357 499 735 576 παρεξελθεῖν,
763 497 864 557 τόν
897 498 957 557 δὲ
988 501 1190 558 ἑωυτοῦ
1225 498 1592 577 παραστάτην
1617 497 1958 559 ἀποκτεῖναι·

353 590 531 647 ταῦτα
556 586 660 663 μέν
688 585 757 660 δὴ
783 584 1089 660 Ἐπίζηλον
1116 584 1402 661 ἐπυθόμην
1429 586 1634 666 λέγειν.

438 678 612 737 Δᾶτις
658 673 721 733 δὲ
762 672 1131 750 πορευόμενος
1175 672 1292 749 ἅμα
1332 676 1410 751 τῷ
1451 677 1675 752 στρατῷ
1715 679 1771 736 ἐς
1813 673 1919 751 τὴν
1940 676 2055 735 118

352 761 555 838 Ἀσίην
590 761 717 821 ἐπεί
742 786 803 821 τε
836 761 1056 841 ἐγένετο
1092 765 1153 821 ἐν
1189 760 1448 839 Μυκόνῳ,
1487 760 1596 819 εἶδε
1628 759 1759 838 ὄψιν
1791 766 1851 823 ἐν
1884 765 1962 841 τῷ

354 848 524 929 ὕπνῳ·
568 850 661 908 καὶ
696 846 819 924 ἥτις
852 849 957 925 μὲν
992 847 1062 923 ἦν
1092 847 1131 923 ἦ
1166 845 1310 926 ὄψις,
1339 846 1404 907 οὖ
1439 849 1683 929 λέγεται·
1725 847 1759 909 ὅ
1785 849 1862 920 δὲ,
1890 849 1962 913 ὥς

354 935 535 1013 ἡμέρη
559 936 805 1015 τάχιστα
828 936 1138 1014 ἐπέλαμψε,
1159 935 1393 1011 ζήτησιν
1411 935 1658 995 ἐποιέετο
1677 940 1786 999 τῶν
1803 940 1957 997 νεῶν·

352 1022 526 1101 εὖρών
551 1021 612 1082 δὲ
640 1029 698 1085 ἐν
724 1024 1007 1101 Φοινίσσῃ
1029 1024 1119 1098 νηῒ
1137 1021 1370 1103 ἄγαλμα
1387 1022 1746 1089 ’Λπόλλωνος
1765 1050 1957 1103 κεχρυ-

352 1112 621 1189 σωμένον,
652 1110 989 1171 ἐπυνθάνετο
1015 1110 1210 1171 ὁκόθεν
1237 1111 1626 1187 σεσυλημένον
1645 1112 1756 1187 εἴης
1787 1110 1956 1173 πυθό-

350 1224 517 1275 μενος
536 1200 598 1258 δὲ
618 1199 682 1270 ἐξ
700 1196 766 1257 οὗ
790 1197 863 1273 ἦν
892 1202 1031 1275 ἱροῦ,
1059 1198 1224 1256 ἔπλεε
1243 1201 1314 1276 τῇ
1337 1201 1536 1257 ἑωυτοῦ
1557 1198 1648 1273 νηῒ
1668 1202 1724 1261 ἐς
1743 1202 1956 1275 Δῆλον,

354 1287 445 1345 καὶ
474 1286 718 1346 ἀπίκατο
750 1284 861 1367 γὰρ
897 1288 1200 1360 τηνικαῦτα
1235 1287 1290 1344 οἱ
1327 1284 1534 1361 Δήλιοι
1561 1284 1744 1346 ὀπίσω
1771 1291 1826 1351 ἐς
1850 1284 1956 1364 τήν

351 1378 545 1448 νῆσον,
590 1374 948 1434 κατατίθεταί
982 1398 1044 1432 τε
1086 1378 1143 1435 ἐς
1187 1371 1254 1433 τὰ
1295 1373 1416 1451 ἱρὸν
1468 1374 1535 1433 τό
1589 1372 1822 1454 ἄγαλμα
1863 1374 1956 1434 καὶ

353 1462 675 1521 ἐντέλλεται
706 1464 863 1521 τοῖσι
897 1461 1168 1536 Δηλίοισι
1199 1460 1512 1541 ἀπαγαγεῖν
1535 1460 1602 1520 τὸ
1641 1459 1872 1542 ἄγαλμα
1897 1467 1954 1527 ἐς

354 1547 571 1621 Δήλιον
589 1548 655 1607 τὸ
683 1548 965 1623 Θηβαίων·
1007 1546 1073 1608 τό
1101 1546 1148 1607 δ’
1177 1547 1299 1609 ἔστι
1326 1549 1417 1606 ἐπὶ
1444 1547 1714 1625 θαλάσσῃ
1740 1548 1952 1607 Χαλκί-

352 1634 446 1697 δος
489 1636 797 1697 καταντίον.
881 1639 1056 1699 Δᾶτις
1094 1638 1200 1713 μὲν
1247 1635 1316 1711 δή
1355 1640 1532 1695 ταῦτα
1575 1635 1954 1711 ἐντειλάμενος

350 1721 619 1784 ἀπέπλεε.
699 1721 799 1784 τᾶν
824 1724 885 1782 δὲ
910 1722 1208 1802 ἀνδριάντα
1231 1726 1430 1784 τοῦτον
1457 1721 1664 1798 Δήλιοι
1686 1719 1784 1781 οὐκ
1810 1722 1951 1799 ἀπή-

348 1837 543 1892 γαγον,
580 1810 738 1870 ἀλλά
767 1837 865 1888 μιν
891 1809 957 1870 δι’
996 1811 1159 1873 ἐτέων
1192 1811 1372 1871 εἴκοσι
1405 1812 1652 1886 Θηβαῖοι
1693 1809 1851 1869 αὐτοὶ
1891 1817 1950 1870 ἐκ

351 1899 691 1978 θεοπροπίου
723 1900 1059 1977 ἐκομίσαντο
1098 1899 1190 1958 ἐπὶ
1223 1897 1450 1974 Δήλιον.
1537 1897 1679 1960 Τοῦς
1707 1897 1768 1955 δὲ
1801 1902 1910 1958 τῶν
1931 1901 2042 1959 119

347 1985 668 2065 Ἐρετριέων
708 1986 1252 2064 ἀνδραποδισμένους
1299 1987 1473 2049 Δᾶτίς
1513 2011 1574 2046 τε
1617 1986 1709 2043 καὶ
1753 1983 1950 2063 Ἀρτα-

349 2076 554 2152 φέρνης
586 2075 657 2139 ὦς
688 2077 1020 2154 προσέσχον
1054 2079 1108 2137 ἐς
1146 2072 1252 2150 τήν
1275 2074 1477 2149 Ἀσίην
1513 2075 1793 2144 πλέοντες,
1821 2073 1947 2150 ἀνή-

282 2174 289 2178 “
347 2188 523 2243 γαγον
579 2169 633 2226 ἐς
677 2165 889 2227 Σοῦσα·
946 2161 1227 2238 βασιλεῦς
1271 2161 1332 2220 δὲ
1378 2165 1630 2240 Δαρεῖος,
1677 2163 1807 2238 πρὶν
1843 2165 1948 2239 μὲν

348 2250 737 2326 αἰχμαλώτους
775 2250 1041 2330 γενέσθαι
1078 2249 1208 2314 τούς
1245 2249 1574 2326 Ἐρετριέας,
1615 2252 1793 2328 ἐνεῖχέ
1836 2256 1948 2326 σφι

348 2335 527 2394 δεινόν
565 2337 761 2414 χόλον,
805 2336 897 2394 οἶα
938 2336 1217 2412 ἀρξάντων
1259 2336 1472 2412 ἀδικίης
1515 2339 1798 2415 προτέρων
1837 2343 1948 2398 τῶν

346 2421 685 2498 Ἐρετριέων·
728 2423 853 2483 ἐπεί
882 2449 945 2482 τε
977 2425 1034 2482 δὲ
1070 2425 1181 2484 εἶδέ
1217 2432 1401 2501 σφεας
1433 2424 1784 2503 ἀπαχθέντας
1816 2425 1945 2502 παρ’

348 2508 548 2569 ἑωυτὸν
586 2511 677 2570 καὶ
703 2510 1051 2590 ὑποχειρίους
1078 2515 1255 2591 ἑωυτῷ
1281 2512 1484 2586 ἐόντας,
1517 2514 1747 2588 ἐποίησε
1776 2512 1946 2574 κακὰν

348 2593 497 2654 ἄλλο
527 2597 697 2668 οὐδὲν,
727 2599 881 2658 ἀλλά
918 2607 1101 2675 σφεας
1137 2605 1236 2676 τῆς
1271 2603 1520 2676 Κισσίης
1551 2602 1734 2680 χώρης
1767 2602 1943 2661 κατοί-

350 2709 473 2741 κισε
508 2684 567 2743 ἐν
586 2688 839 2764 -σταθμῷ
877 2691 1075 2746 ἑωυτοῦ
1098 2692 1178 2766 τῷ
1206 2687 1413 2764 οὔνομά
1451 2688 1574 2748 ἐστι
1599 2689 1939 2765 Ἀρδέρικκα,

346 2768 457 2830 ἀπὸ
491 2775 595 2848 μὲν
632 2775 861 2838 Σούσων
894 2773 1026 2834 δέκα
1062 2775 1154 2832 καὶ
1183 2775 1496 2851 διηκοσίους
1526 2776 1785 2838 σταδίους
1813 2774 1943 2834 ἀπέ·

342 2883 517 2936 χοντι,
535 2860 949 2937 τεσσεράκοντα
968 2863 1029 2920 δὲ
1045 2861 1158 2922 ἀπὸ
1179 2868 1280 2923 τοῦ
1301 2863 1544 2940 φρέατος
1556 2864 1621 2923 τὰ
1643 2861 1944 2940 παρέχεται

343 2949 650 3025 τριφασίας
692 2948 881 3013 {Bias-s
913 2951 1004 3009 καὶ
1044 2951 1154 3031 γάρ
1197 2951 1498 3028 ἄσφαλτον
1541 2951 1632 3008 καὶ
1673 2949 1812 3010 ἅλας
1853 2950 1946 3007 καὶ

344 3041 531 3102 ἔλαιον
560 3044 909 3120 ἀρύσσονται
938 3044 1000 3114 ἐξ
1024 3045 1195 3104 αὐτοῦ
1215 3046 1402 3124 τρόπῳ
1421 3044 1628 3120 τοιῷδε·
1659 3042 1945 3101 ἀντλέεται

340 3131 443 3207 μὲν
461 3134 761 3210 κηλωνηίῳ·
797 3132 920 3190 ἀντὶ
938 3133 998 3190 δὲ
1017 3137 1248 3212 γαυλοῦ,
1277 3131 1454 3209 ἥμισυ
1481 3130 1661 3187 ἀσκοῦ
1689 3133 1742 3187 οἱ
1768 3155 1941 3205 προσ·-

340 3218 569 3280 δέδεται·
648 3219 940 3297 ὑποτύψας
992 3220 1052 3278 δὲ
1103 3220 1280 3296 τούτῳ
1335 3216 1553 3276 ἀντλέει
1606 3216 1698 3273 καὶ
1755 3215 1943 3300 ἔπειτα

338 3309 523 3388 ε’γχέει
564 3315 619 3373 ἐς
660 3305 983 3384 δεξαμενήν·
1025 3312 1085 3364 ἐκ
1126 3307 1186 3364 δὲ
1221 3304 1424 3378 ταύτης
1457 3307 1512 3363 ἐς
1545 3299 1695 3360 ἄλλο
1730 3301 1944 3380 διαχεό-
