2259 3500
349 106 443 153 142
906 162 909 165 ,
972 100 1340 151 ἮΡοΔοΤοΤ
1515 164 1537 179 ἡ
1793 99 1945 164 [vn.

344 180 631 257 πόνθαμεν
657 178 995 258 οἰκτρότερα·
1022 182 1082 238 ἐν
1105 178 1216 260 γὰρ
1237 177 1378 238 οὕτω
1395 177 1610 257 βραχέῖ
1633 178 1745 259 βίῳ
1773 179 1953 248 οὐδεὶς

348 268 490 329 οὕτω
528 267 816 345 ἄνθρακι-ος
860 267 962 327 ἐῶν
1004 265 1274 343 εὐδαίμων
1309 267 1542 341 πέφυκε,
1575 265 1702 325 οὔτε
1741 266 1948 329 τούτων

345 355 473 415 οὔτε
511 360 623 416 τῶν
662 354 867 425 ἄλλων,
893 360 971 434 τῷ
998 354 1062 413 οὔ
1089 353 1517 431 παραστήσεται
1548 353 1830 417 πολλάκις
1855 358 1946 414 καὶ

345 443 467 503 οὐκὶ
509 441 661 513 ἅπαξ
697 441 953 503 τεθνάναι
993 441 1315 519 βούλεσθαι
1350 444 1576 518 μᾶλλον
1611 439 1648 516 ἢ
1683 440 1846 512 ζόειν·
1889 438 1954 497 αἶ

340 556 405 591 τε
433 530 544 612 γοῖρ
576 531 870 608 συμφοραὶ
896 530 1362 608 προσπίπτουσαι
1390 530 1482 589 καὶ
1505 532 1566 587 αἱ
1593 532 1789 590 νοῦσοι
1817 555 1944 589 συν-

344 618 740 697 ταράσσουσαι
768 619 860 680 καὶ
882 616 1109 697 βραχύν
1135 616 1297 678 ἐόντα
1321 615 1538 694 μακρὸν
1565 616 1773 677 δοκέειν
1807 617 1945 679 εἶναι

345 710 565 767 ποιεῦσι
603 706 703 767 τὸν
741 708 892 783 βίον·
949 705 1091 765 οὕτω
1132 704 1166 767 ὅ
1207 707 1311 781 μὲν
1352 702 1636 777 Otium-offis
1654 704 1948 783 μοχθηρῆς

342 794 543 871 ἐούσης
567 798 669 871 τῆς
693 793 837 870 ζόης,
866 792 1166 874 καταφυγὴ
1209 792 1546 870 αἱρετωτάτη
1571 796 1648 871 τῷ
1675 790 1947 873 ἀνθρώπῳ

338 882 555 963 γέγονε·
598 881 630 943 ὅ
657 883 717 941 δὲ
744 882 869 946 θεὸς
893 880 1107 963 γλυκυν
1135 880 1347 961 γεύσας
1383 880 1484 940 τόν
1525 883 1712 950 αἰῶνα,
1743 882 1946 957 φθονε-

246 969 322 1031 47
338 970 437 1046 ρός
480 976 538 1031 ἐν
582 969 730 1049 αὐτῷ
774 969 1087 1047 ευρίσκεται
1127 969 1248 1029 ε’ὥν.
1248 968 1280 988 ”
1362 969 1575 1047 Ξέρξης
1615 968 1674 1027 δὲ
1719 967 1946 1045 α’,μείβε-

338 1082 406 1119 το
446 1058 645 1138 λέγων·
688 1067 724 1094 “
738 1056 1072 1135 Ἀρτάβανε,
1098 1058 1303 1133 βιοτῆς
1327 1056 1432 1132 μέν
1467 1082 1563 1116 νυν
1595 1054 1946 1135 οἷνθρωπηιης

341 1144 486 1221 πέρι,
505 1143 706 1220 ἐουσης
728 1143 987 1220 τοιαύτης
1014 1145 1244 1220 οἴηνπερ
1271 1169 1346 1202 συ
1372 1143 1606 1221 διαιρέαι
1634 1144 1788 1214 εἶναι,
1806 1172 1945 1207 παυ-

341 1232 587 1308 σῶμεθα,
630 1232 772 1344 μηδὲ
820 1236 999 1291 κακῶν
1042 1230 1409 1309 μεμνεῶμεθα
1455 1231 1679 1311 χρηστοὶ
1727 1233 1945 1312 ἔχοντες

337 1318 643 1400 πρήγματα
685 1324 743 1379 ἐν
777 1319 963 1399 χερσί·
1009 1318 1236 1397 φρασον
1272 1319 1335 1378 δέ
1366 1345 1466 1396 μοι
1503 1318 1651 1379 τόδε·
1695 1320 1747 1377 εἴ
1777 1345 1866 1381 τοι
1905 1320 1944 1397 ἦ

339 1405 468 1483 ὄψις
500 1410 601 1465 τοῧ
634 1408 887 1468 ἐνυπνίου
926 1432 1007 1483 μη
1038 1406 1272 1487 ἐναργὴς
1298 1405 1438 1467 οὕτω
1466 1404 1663 1482 ἐφάνη,
1691 1406 1836 1486 εἶχες
1876 1405 1945 1467 ἂν

336 1492 442 1569 τὴν
483 1492 721 1573 οἷρχαίην
756 1493 981 1575 γνώμην
1014 1493 1113 1553 οὐκ
1159 1498 1260 1555 ε’ὣν
1295 1519 1369 1571 με
1405 1492 1815 1571 στρατεύεσθαι
1851 1495 1944 1554 ἐπὶ

337 1580 441 1657 τήν
465 1578 737 1653 Ἐλλάδα,
764 1582 801 1658 ἢ
825 1584 1100 1659 μετέστης
1126 1580 1196 1641 ἅν
1213 1607 1233 1651 3.
1274 1582 1413 1659 φέρε
1452 1607 1552 1657 μοι
1586 1585 1754 1642 τοῦτο
1786 1580 1941 1660 οἷτρε-

339 1668 473 1733 κέως
500 1669 669 1729 εἶπέ·”
710 1670 743 1731 0‘
772 1671 829 1730 δὲ
857 1670 1128 1748 α’μείβετο
1155 1671 1355 1752 λέγων·
1399 1680 1435 1705 “
1453 1668 1494 1727 ὦ
1517 1671 1786 1745 βασιλεῦ,
1813 1668 1942 1749 ὄψις

335 1758 440 1834 μὲν
464 1757 503 1834 ἦ
530 1763 869 1836 ἐπιφανεῖσα
906 1763 1007 1819 τοῦ
1044 1758 1260 1835 ὀνείρου
1299 1757 1370 1820 ὥς
1393 1757 1728 1834 βουλόμεθα
1754 1756 1942 1836 ἀμφό-

335 1870 488 1922 τεροι
527 1846 899 1922 τελευτήσειε·
942 1845 1051 1927 ἐγῶ
1091 1843 1139 1904 δ’
1167 1846 1248 1905 ἔτι
1288 1845 1382 1905 καὶ
1423 1848 1477 1906 ἐς
1516 1844 1643 1905 τόδε
1685 1845 1941 1922 δείματός

338 1937 451 2009 εἰμι
482 1933 783 2003 ὑπόπλεος,
810 1932 920 1993 οὐδ’
950 1933 1101 1996 ἐντός
1127 1935 1420 2010 ε’μεωυτοτῗῃ
1447 1931 1602 1990 ἅλλα
1640 1957 1706 1992 τε
1743 1932 1939 1994 πολλοὶ

339 2019 733 2100 ἐπιλεγόμενος
772 2020 865 2079 καὶ
906 2020 975 2095 δὴ
1017 2021 1108 2079 καὶ
1151 2019 1321 2097 ὁρέων
1354 2045 1444 2079 τοι
1473 2018 1570 2080 δύο
1595 2020 1668 2080 τσῖ
1692 2021 1938 2101 μέγιστα

240 2108 319 2166 48
335 2105 555 2166 πάντων
580 2105 743 2168 ἐόντα
768 2105 1214 2184 πολεμιώτατα.”
1272 2107 1485 2184 Ξέρξης
1510 2107 1570 2166 δὲ
1596 2107 1737 2184 πρός
1761 2113 1938 2168 ταῦτα

334 2192 605 2270 α’μείβετο
642 2194 855 2257 τοῖσδε·
895 2205 932 2230 “
948 2193 1198 2273 δαιμόνιε
1222 2194 1452 2276 ἀνδρῶν,
1480 2197 1608 2254 κοῖα
1632 2199 1809 2255 ταῦτα
1844 2197 1940 2255 λέ-

333 2305 450 2361 γεις
478 2281 615 2342 εἶναι
640 2281 739 2342 δύο
764 2307 863 2359 μοι
902 2281 1332 2359 πολεμιώτατα;
1376 2281 1577 2361 κότερά
1600 2308 1690 2343 τοι
1717 2283 1749 2343 ό
1773 2283 1938 2354 πεζὸς

334 2367 588 2444 μεμπτός
630 2369 775 2432 κατὰ
812 2368 880 2430 τὰ
916 2369 1137 2446 πλῆθός
1179 2375 1319 2441 ἐστι,
1359 2369 1454 2430 καὶ
1494 2368 1562 2431 τὸ
1602 2370 1937 2446 Ἑλληνικόν

336 2453 658 2533 στράτευμα
677 2457 937 2534 φαίνεται
954 2456 1402 2534 πολλαπλήσιον
1421 2459 1655 2518 ἔσεσθαι
1678 2462 1780 2519 τοῦ
1803 2457 1936 2535 ἦμε-

331 2542 530 2618 τέρου;
571 2541 608 2620 ἢ
653 2544 719 2604 τό
765 2545 1023 2606 ναυτικόν
1061 2545 1127 2605 τό
1175 2545 1446 2623 ἡμέτερον
1489 2546 1796 2623 λείψεσθαι
1836 2550 1936 2605 τοῦ

335 2629 583 2692 ἐκείνων·
567 2677 584 2701 ,
624 2629 662 2708 ἢ
690 2632 783 2691 καὶ
808 2631 1212 2710 συναμφότερα
1235 2636 1450 2704 ταῦτα;
1493 2636 1543 2692 εἴ
1558 2632 1668 2715 γάρ
1694 2658 1784 2694 τοι
1808 2658 1937 2693 ταυ-

334 2743 405 2798 τῃ
432 2719 754 2832 ἐνδεέστερα
785 2721 1042 2797 φαίνεται
1083 2720 1224 2780 ειναι
1247 2746 1320 2780 τα
1345 2720 1589 2798 ἡμέτερα
1614 2720 1937 2802 πρήγματα,

334 2811 583 2885 στρατοῦ
620 2806 689 2868 ἂν
729 2806 910 2868 ἄλλου
951 2833 1035 2870 τις
1072 2806 1176 2883 τήν
1221 2808 1500 2888 ταχίστην
1541 2832 1774 2888 αγερσιν
1813 2832 1938 2868 ποι-

245 2891 321 2956 49
340 2919 479 2956 οιτο.
477 2892 510 2916 ”
588 2894 659 2956 ‘O
704 2894 749 2954 δ’
792 2893 1065 2972 ἀμείβετο
1105 2894 1306 2975 λέγων·
1356 2905 1391 2931 “
1409 2923 1452 2954 ω
1493 2897 1762 2973 βασιλεῦ,
1811 2892 1938 2954 οὔτε

334 2980 582 3060 στρατόν
618 2985 820 3044 τοῦτον
858 2981 1017 3045 ὅστις
1040 3006 1108 3063 γε
1143 2980 1375 3042 σύνεσιν
1401 2982 1516 3061 ἔχει
1554 2980 1823 3058 μέμφοιτ’
1851 2978 1937 3052 ἂν,

336 3066 463 3128 οὔτε
490 3070 603 3130 τῶν
638 3073 775 3130 νεῶν
804 3068 871 3129 τό
903 3070 1146 3145 πλῆθος·
1185 3067 1256 3144 ἦν
1281 3095 1342 3129 τε
1368 3073 1611 3131 πλεῦνας
1637 3067 1936 3148 συλλέξῃς,

335 3155 408 3214 τὰ
432 3155 531 3216 δύο
555 3182 645 3217 τοι
667 3155 741 3219 τὰ
766 3157 917 3239 λέγω
940 3159 1142 3236 πολλῷ
1174 3157 1256 3218 ἔτι
1278 3155 1666 3233 πολεμιώτερα
1705 3154 1935 3236 γίνεται·

334 3240 411 3302 τοὶ
434 3242 496 3302 δὲ
519 3242 619 3304 δύο
642 3248 825 3307 ταῦτα
853 3245 977 3305 ἔστι
1014 3248 1093 3326 γῆ
1126 3270 1190 3305 τε
1219 3243 1310 3304 καὶ
1337 3242 1632 3304 θάλασσα·
1675 3239 1803 3302 οὔτε
1826 3239 1938 3321 γὰρ
