2259 3500
309 107 401 159 172
904 104 1270 153 ΗΡΟΔΟΤΟΤ
1757 106 1911 173 [VII.

314 187 637 265 λεγομένης,
677 186 769 242 καὶ
810 182 1065 262 κήρυγμα
1106 180 1321 241 τοιόνδε
1359 186 1712 277 ποιευμένων,
1749 186 1800 243 εἴ
1834 212 1917 251 τις

313 272 589 348 βούλοιτο
621 271 1067 347 Λακεδαιμονίων
1099 268 1210 347 πρό
1243 272 1344 345 τῆς
1376 249 1636 347 Σπάρτης
1675 269 1918 350 ἀποθνή-

317 358 776 435 σκειν,Σπερθίης
791 382 852 417 τε
870 356 901 417 ὁ
917 356 1256 434 Ἀνηρίστου
1274 383 1367 415 και
1347 357 1627 420 Βοῦλιςο
1644 358 1916 468 Νικόλεω,

318 444 507 524 ἄνδρες
548 447 909 522 Σπαρτιῆται,
948 444 1122 521 φύσει
1152 471 1214 504 τε
1244 444 1536 526 γεγονότες
1571 471 1629 504 ευ
1667 448 1758 505 καὶ
1784 446 1914 526 χρή-

319 559 466 610 μασι
496 533 791 608 οἷνήκοντες
834 538 889 595 ἐς
928 531 1001 592 τοὶ
1043 536 1255 609 πρῶτα,
1306 533 1592 592 ἐθελονταὶ
1637 532 1918 595 υπέδυσαν

316 620 517 696 ποινήν
560 624 719 680 τῖσαι
760 620 944 699 Ξέρξῃ
985 624 1095 679 τῶν
1140 620 1380 696 Δαρείου
1425 620 1672 696 κηρύκων
1711 624 1821 681 τῶν
1860 628 1919 683 ἐν

320 708 548 788 Σπάρτῃ
590 708 970 785 ἀπολομένων·
1025 706 1167 767 οὕτω
1209 709 1554 784 Σπαρτιῆται
1586 707 1814 773 τούτους
1848 710 1918 792 ὥς

226 798 340 855 135
358 794 834 871 ἀποθανευμένους
868 800 923 859 ἐς
960 794 1190 870 Μήδους
1215 793 1570 872 α’πέπεμψαν.
1626 793 1780 872 Αὕτη
1800 822 1863 856 τε
1880 802 1919 873 ἦ

314 883 505 960 τόλμα
532 884 741 943 τούτων
770 886 880 943 τῶν
911 880 1125 959 ἀνδρῶν
1163 881 1417 959 θώματος
1457 881 1606 958 ἀξίη,
1657 882 1748 942 καὶ
1789 884 1918 946 τάδε

316 971 459 1048 πρός
489 970 742 1030 τούτοισι
776 970 849 1030 ταῗ
888 970 1040 1028 ἔπεα·
1081 969 1445 1047 πορευόμενοι
1476 969 1588 1052 γὰρ
1623 975 1679 1035 ἐς
1707 973 1915 1043 Σοῦσα,

318 1058 669 1118 ἀπικνέονται
713 1056 868 1134 παρὰ
902 1056 1190 1134 ’Υδαῖρνεω
1235 1057 1268 1116 ὅ
1312 1058 1372 1119 δὲ
1401 1057 1670 1136 ’Ὑδάρνης
1705 1057 1776 1134 ἦν
1815 1064 1917 1136 μὲν

315 1146 477 1226 γένος
518 1146 764 1222 Πέρσης,
807 1144 1122 1224 στρατηγὸς
1171 1145 1231 1203 δὲ
1276 1148 1387 1205 τῶν
1432 1146 1918 1223 παραθαλασσίων

319 1232 619 1309 ἀνθρώπων
656 1236 767 1292 τῶν
799 1237 857 1291 ἐν
885 1236 958 1311 τῇ
987 1231 1176 1312 Ἀσίῃ·
1235 1232 1296 1296 ὅς
1327 1240 1527 1308 σφεας,
1571 1234 1742 1305 ξείνια
1783 1262 1916 1312 προ-

319 1320 563 1396 θέμενος,
620 1321 817 1380 εἶστία·
886 1320 1127 1391 ξεινίζων
1175 1320 1249 1390 δὲ,
1307 1322 1482 1398 εἴρετο
1535 1323 1716 1403 λέγων
1764 1323 1913 1383 τάδε·

318 1418 354 1443 “
372 1407 562 1485 ἄνδρες
588 1407 1032 1486 Λακεδαιμόνιοι,
1058 1435 1112 1468 τι
1102 1407 1208 1484 ’δὴ
1238 1408 1474 1489 φεύγετε
1493 1411 1737 1486 βασιλέϊ
1755 1412 1917 1487 φίλοι

317 1497 683 1576 γενέσθαι;ο
652 1496 818 1574 &pare
841 1522 952 1578 γαρ
980 1496 1051 1561 ὥς
1078 1498 1372 1556 ἐπίσταται
1405 1497 1685 1572 βασιλευς
1718 1498 1918 1576 ἄνδρας

254 1578 259 1582 ’
318 1582 562 1665 ἅγαθοῦς
588 1589 771 1664 τιμᾶν,
801 1589 855 1649 ἐς
882 1584 984 1661 ἐμέ
1004 1610 1068 1645 τε
1094 1584 1188 1643 καὶ
1211 1584 1282 1645 τὰ
1310 1584 1416 1662 ἐμοὶ
1442 1586 1746 1666 πρήγματα
1782 1586 1916 1647 οἷπο-

316 1673 650 1748 βλέποντες·
679 1674 818 1733 οὕτω
845 1672 912 1749 δή
942 1673 1032 1732 καὶ
1058 1672 1215 1751 ὖμεῖς
1243 1676 1289 1731 εἶ
1316 1673 1498 1749 δοίητε
1525 1672 1696 1749 ύμέας
1722 1672 1919 1738 αὐτοῦς

316 1762 577 1837 βασιλέϊ,
630 1762 939 1833 δεδόξωσθε
984 1762 1094 1842 γοὶρ
1139 1760 1281 1837 πρός
1323 1761 1493 1821 αὐτοῦ
1547 1761 1736 1834 ἄνδρες
1781 1763 1918 1825 εἶναι

318 1848 537 1931 ἀγαθοὶ,
569 1851 801 1913 ἕκαστος
826 1848 895 1909 ἂν
914 1848 1093 1926 ύμέων
1111 1848 1278 1928 ἄρχοι
1293 1853 1399 1930 γῆς
1415 1849 1708 1920 Ἑλλάδος,
1731 1849 1916 1915 δόντος

310 1925 646 2014 ιβασιλέοςῗ
672 1937 811 2014 πρὸς
829 1939 1005 1996 ταῦτα
1030 1935 1390 2013 ὑπεκρίναντο
1409 1937 1558 1997 τάδε·
1588 1938 1916 2016 ς“”’Υδαρι)ες,

320 2024 419 2084 ούκ
464 2025 527 2094 ἐξ
564 2026 693 2084 ἴσου
735 2024 946 2104 γίνεται
984 2023 1023 2099 ἦ
1066 2026 1394 2102 συμβουλίη
1435 2024 1472 2100 ἤ
1514 2031 1568 2089 ἐς
1607 2025 1782 2103 ἧμέας
1812 2028 1917 2086 τεί-

319 2136 515 2171 νουσα·
554 2115 655 2171 τοῦ
680 2114 784 2188 μὲν
807 2110 917 2192 γὰρ
944 2113 1346 2188 πεπειρημένος
1365 2113 1791 2189 συμβουλεύεις,
1818 2117 1917 2174 τοῦ

320 2199 380 2257 δὲ
406 2197 630 2275 ἄπειρος
656 2199 776 2258 ἐών·
817 2198 884 2258 τὸ
910 2200 1014 2275 μὲν
1037 2198 1148 2279 γοὶρ
1177 2199 1379 2262 δοῦλος
1413 2199 1549 2259 εἶναι
1588 2201 1916 2272 ἐξεπίστεαι,

324 2286 637 2363 ἐλευθερίης
664 2286 723 2346 δὲ
749 2285 891 2345 οὔκω
913 2286 1220 2364 ἐπειρήθης,
1243 2285 1356 2347 οὔτ’
1385 2292 1432 2346 εἰ
1460 2289 1581 2347 ἔστι
1599 2287 1778 2369 γλυκῦ
1807 2288 1917 2349 οὔτ’

326 2377 371 2431 εἰ
395 2373 495 2449 μή·
539 2378 588 2433 εἰ
610 2374 719 2456 γοὶρ
758 2373 927 2450 αὐτῆς
957 2375 1275 2452 πειρήσαιο,
1309 2374 1408 2434 οὐκ
1443 2373 1511 2435 ἂν
1543 2375 1743 2453 δόρασι
1774 2403 1916 2454 συμ-

321 2460 617 2536 βουλεύοις
668 2462 804 2538 ήμῖν
849 2463 979 2539 περὶ
1034 2461 1206 2537 αὐτῆς
1256 2462 1561 2542 μάχεσθαι,
1617 2463 1772 2522 ἅλλοὶ
1827 2464 1918 2524 καὶ

227 2548 340 2606 136
359 2547 675 2608 πελέκεσι.”
701 2552 890 2610 Ταῦτα
905 2554 1009 2626 μὲν
1026 2549 1294 2627 εὙδάρνεα
1313 2550 1639 2629 ἀμείψαντο·
1669 2552 1917 2612 ἐνθεῦτεν

320 2633 380 2692 δὲ
428 2633 500 2698 ὦς
554 2633 843 2711 ἀνέβησαν
884 2641 939 2698 ἐς
993 2638 1190 2700 Σοῦσα
1243 2638 1334 2695 καὶ
1387 2638 1630 2714 βασιλέϊ
1685 2643 1740 2701 ἐς
1787 2638 1917 2716 ὄψιν

316 2721 513 2797 ἦλθον,
554 2728 747 2801 πρῶτα
784 2726 890 2801 μὲν
928 2727 1039 2784 τῶν
1078 2724 1399 2801 δορυφόρων
1446 2724 1779 2786 κελευόντων
1825 2727 1918 2785 καὶ

318 2809 566 2892 α’νιίγκην
609 2817 723 2888 σφι
768 2810 1208 2889 προσφερόντων
1247 2814 1607 2889 προσκυνέειν
1658 2815 1914 2890 βασιλέα

318 2900 790 2975 προσπίπτοντας,
819 2898 921 2959 ούκ
960 2901 1198 2976 ἔφασαν,
1230 2898 1526 2978 ὠθεόμενοι
1561 2899 1701 2978 πρὸς
1738 2901 1916 2962 αὐτῶν

318 2985 409 3044 ἐπὶ
435 2986 707 3063 κεφαλὴν,
734 2987 993 3063 ποιήσειν
1027 2991 1204 3047 ταῦτα
1235 2986 1472 3064 οὐδαμά·
1515 2985 1642 3046 οὔτε
1665 2987 1776 3068 γάρ
1805 2995 1917 3063 σφι

317 3077 377 3132 ἐν
427 3074 578 3155 νόμῳ
633 3075 771 3135 εἶναι
824 3074 1114 3152 ἄνθρωπον
1168 3075 1545 3151 προσκυνέειν,
1601 3074 1728 3134 οὔτε
1777 3075 1917 3134 κατ-οὶ
1957 3085 1970 3098 ‘

314 3165 491 3219 ταῦτα
508 3163 679 3237 ἥκειν·
708 3163 778 3228 ὥς
798 3163 857 3222 δὲ
877 3161 1309 3240 ἀπεμαχέσαντο
1335 3165 1519 3230 τοῦτο,
1550 3160 1776 3237 δεύτερά
1803 3168 1915 3236 σφι

318 3246 552 3322 λέγουσι
575 3250 707 3310 τάδε
724 3252 819 3311 καὶ
838 3249 1015 3331 λόγου
1033 3248 1251 3310 τοιοῦδε
1272 3249 1525 3328 ἐχόμενα,
1547 3256 1584 3281 “
1601 3244 1644 3304 ὦ
1661 3248 1915 3320 βασιλεῦ
