2259 3500
307 147 370 193 *26
920 146 1287 196 ‘HPOAOTOT
1662 139 1674 151 ⁶
1808 149 1902 214 [V.

307 225 521 285 πολλοὶ
559 227 670 286 τῶν
693 225 1026 339 βαρβάρων
1058 231 1114 290 ἐς
1151 225 1408 290 τοιαύτας
1462 228 1730 336 διφθέρας
1766 231 1907 311 γρά-

207 314 284 372 59
305 318 501 390 φουσι.
574 312 726 374 Ἴδον
751 315 811 374 δὲ
837 316 930 374 καὶ
956 315 1121 380 ‹nh-63
1142 315 1407 392 Καδμήϊα
1426 314 1732 414 γράμματα
1754 322 1811 378 ἐν
1828 324 1907 398 τῷ

305 405 402 480 ἶρῶ
435 405 538 462 τοῦ
573 401 933 468 ’Λπόλλωνος
969 409 1068 465 τοῦ
1095 401 1438 480 Ἰσμηνίου’
1413 429 1470 462 εν
1500 395 1735 484 Θήβῃσι
1770 411 1907 484 τῇσι

284 494 615 552 Βοιωτῶν’
589 492 680 551 επὶ
705 493 942 569 τρίποσί
969 519 1089 554 τισι
1117 491 1587 574 ἐγκεκολαμμένα,
1613 519 1687 552 τα
1711 497 1907 554 πολλὰ

302 576 472 656 ὅμοῖα
510 579 674 639 ἐόντα
706 583 860 640 τοῖσι
884 579 1199 641 Ἰωνικοῖσι·
1241 579 1274 640 ὁ
1308 582 1413 657 μὲν
1448 578 1517 656 δή
1546 579 1623 642 εἷς
1648 585 1759 642 τῶν
1791 608 1906 661 τρι-

303 666 490 728 πόδων
516 668 841 750 ἐπίγραμμα
868 671 1000 749 ἔχει·

459 779 764 844 Ἀμφιτρύων
793 781 844 840 μ’
877 783 1076 842 ἀνέθηκε
1107 783 1222 832 νέων
1256 782 1353 832 ἀπὸ
1388 784 1692 848 Τηλεβοάων.

300 879 476 936 ταῦτα
501 875 727 954 ἡλικίην
755 878 838 954 εἴη
867 874 934 936 ἂν
967 875 1106 936 κατοὶ
1131 875 1309 938 Λάῖον
1334 877 1433 938 τόν
1458 875 1767 954 Λαβδάκου
1802 882 1904 936 τοῦ

209 965 283 1020 60
305 963 648 1043 Πολυδώρου
698 969 802 1025 τοῦ
857 965 1111 1042 Κάδμου.
1184 965 1415 1044 Ἕτερος
1454 966 1515 1024 δὲ
1554 965 1781 1044 τρίπους
1820 964 1905 1046 [ἐν

305 1051 582 1132 ἑξαμέτρῳ
607 1052 774 1134 τόνῳ]
802 1053 974 1136 λέγει·

464 1171 640 1220 Σκαῖος
673 1171 968 1232 πυγμαχέων
997 1189 1060 1230 με
1092 1172 1309 1235 ἑκηβόλῳ
1342 1171 1617 1222 Ἀπόλλωνι

463 1244 659 1302 νικήσας
691 1241 895 1303 αἰνέθηκε
925 1245 1026 1293 τεῒν
1058 1247 1343 1307 περικαλλὲς
1378 1245 1594 1307 ἄγαλμα.

304 1343 506 1408 Σκαῖος
531 1342 578 1403 δ’
605 1343 672 1405 ἂν
699 1344 782 1420 εἵη
819 1343 850 1404 ὅ
887 1343 1306 1416 Ἱπποκόωντος,
1338 1348 1386 1404 εἰ
1411 1346 1478 1421 δή
1508 1343 1671 1409 οὗτός
1695 1345 1749 1426 γ’
1777 1345 1903 1406 ἐστὶ

307 1429 341 1490 ὅ
393 1429 614 1496 α’,ναθεὶς
667 1433 760 1492 καὶ
803 1432 884 1509 μή
937 1431 1115 1508 ἄλλος
1164 1431 1341 1493 τῶυτὸ
1389 1431 1598 1510 οὕνομα
1642 1435 1781 1512 ἔχων
1824 1437 1904 1512 τῷ

301 1517 721 1596 Ἱπποκόωντος,
774 1519 999 1597 ἡλικίην
1052 1519 1195 1597 κατοῖ
1231 1521 1507 1582 Ὀἰδίπουν
1556 1521 1656 1582 τόν
1700 1522 1897 1582 Λαΐου.

210 1607 282 1665 61
304 1607 500 1684 Τρίτος
540 1607 599 1668 δὲ
622 1608 849 1686 τρίπους
873 1609 1044 1690 λέγει,
1071 1607 1163 1668 καὶ
1190 1605 1349 1672 οὗτος
1377 1613 1435 1669 ἐν
1462 1609 1756 1690 ἑξαμέτρῳ·

461 1727 720 1789 Λαοδάμας
751 1727 936 1791 τρίποδ’
973 1729 1118 1777 αὐτὸν
1151 1726 1372 1788 ἐῦσκόπῳ
1396 1726 1675 1777 Ἀπόλλωνι

444 1802 762 1865 μουναρχέων
785 1801 985 1877 ανέθηκε
1016 1802 1116 1849 τεῒν
1151 1802 1437 1863 περικαλλὲς
1469 1800 1687 1860 ἄγαλμα.

295 1893 430 1961 Ἐπὶ
467 1903 668 1964 τούτου
721 1902 791 1979 δή
844 1905 948 1962 τοῦ
987 1899 1389 1980 Λαοδάμαντος
1429 1906 1530 1962 τοῦ
1574 1900 1899 1967 Ἐτεοκλέος

301 1990 742 2099 μουναρχέοντος
773 1984 1155 2059 ἐξανιστέαται
1192 1988 1531 2067 Καδμεῖοι“
1498 1988 1590 2049 υπ’
1615 1989 1891 2069 Ἀργείων,

298 2076 392 2134 καὶ
430 2077 728 2153 τρέπονται
770 2081 826 2140 ἐς
868 2103 999 2141 τους
1031 2074 1356 2159 Ἐγχέλεας·
1402 2080 1455 2135 σῖ
1494 2076 1555 2135 δὲ
1593 2081 1895 2153 Γεφυραῖοι

295 2161 820 2239 ὖπολειφθέντες,”
785 2191 1024 2243 υστερον
1061 2165 1172 2225 ὕπο
1214 2168 1471 2224 Βοιωτῶν
1517 2163 1895 2243 ἀναχωρέουσι

301 2254 357 2313 ἐς
391 2249 651 2327 Ἀθήνας·
679 2254 777 2311 καί
797 2255 963 2329 σφιε
946 2253 1037 2331 ιρά
1072 2260 1196 2313 ἐστι
1224 2258 1282 2313 ἐν
1306 2251 1581 2331 Ἀθήνῃσι
1619 2252 1891 2330 ἱδρυμένα,

294 2342 404 2398 τῶν
447 2338 604 2400 οὐδὲν
649 2340 792 2418 μέτα
834 2344 986 2401 τοῖσι
1033 2345 1291 2401 λοιποῖσι
1332 2340 1697 2417 Ἀθηναίοισι,
1740 2340 1895 2401 ἄλλα

292 2451 356 2485 τε
387 2427 771 2506 κεχωρισμένα
794 2432 905 2489 τῶν
939 2427 1175 2489 ἄλλων
1158 2434 1287 2506 ιρῶν
1314 2455 1405 2489 και
1431 2428 1499 2505 δη
1526 2429 1619 2489 καὶ
1641 2428 1895 2509 Ἀχαιιης

295 2512 596 2591 Δήμητρος
624 2516 742 2595 ἱρόν
765 2542 828 2577 τε
856 2518 948 2576 καὶ
975 2516 1159 2597 ὄργια.
1558 2540 1563 2543 ·

201 2604 276 2659 62
374 2602 449 2661 H
489 2605 593 2679 μὲν
633 2604 700 2680 δη
742 2603 869 2683 ὄψις
907 2609 1007 2665 τοῦ
1046 2602 1359 2680 Ἱππάρχου
1400 2604 1668 2673 ἐνυπνίου,
1712 2605 1803 2665 καὶ
1840 2632 1895 2666 οι

294 2692 602 2768 Γεφυραῖοι
639 2690 768 2752 ὅθεν
802 2691 1155 2773 ἐγεγόνεσαν,
1181 2694 1293 2749 τῶν
1327 2689 1477 2766 ἦσαν
1504 2693 1558 2749 οἱ
1582 2690 1895 2771 Ἱππάρχου

296 2778 509 2853 φονέες,
537 2777 828 2860 απήγηταί
847 2804 964 2856 μοι·
1007 2778 1092 2837 δεῖ
1108 2778 1169 2837 δὲ
1195 2774 1336 2855 πρὸς
1359 2776 1612 2837 τούτοισι
1650 2780 1729 2838 ἔτι
1765 2780 1895 2840 α’να-

292 2868 500 2944 λαβεῖν
522 2866 622 2928 τόν
650 2866 767 2929 κατ’
787 2893 965 2946 αρχας
983 2863 1080 2943 ἤϊα
1106 2867 1283 2937 λέξων
1308 2864 1500 2947 λόγον,
1523 2893 1594 2930 ως
1604 2867 1896 2978 τυράννων

294 2955 748 3033 ἐλευθερώθησαν
765 2954 1070 3032 Ἀθηναῖοι.
1110 2955 1337 3014 Ιππίεω
1358 2956 1781 3032 τυραννεύοντος
1803 2956 1894 3015 καὶ

294 3043 1167 3121 ἐμπικραινομένουἈθηναίοισι
1203 3042 1293 3101 διοὶ
1326 3043 1425 3103 τόν
1448 3042 1761 3123 Ἱππάρχου
1798 3043 1893 3103 θοὶ-

293 3153 474 3203 νατον,
513 3132 962 3211 Ἀλκμαιωνίὸαι,
1008 3133 1170 3213 γένος
1220 3132 1399 3195 ἐόντες
1444 3130 1749 3208 Ἀθηναῖοι,
1802 3130 1894 3187 καὶ

292 3218 592 3300 φεύγοντες
631 3221 1121 3301 Πεισιστρατίδας,
1160 3222 1287 3281 ἐπεί
1320 3246 1384 3281 τε
1424 3226 1537 3296 σφι
1578 3218 1699 3297 ἅμα
1738 3219 1893 3275 τοῖσι

1874 3299 1891 3322 ἱ

291 3301 526 3367 αλλοισι
564 3308 874 3387 Ἀθηναίων
919 3310 1142 3392 φυγάσι
1186 3309 1583 3387 πειρωμένοισι
1630 3328 1773 3364 κατα
1823 3327 1893 3362 το
