2259 3500
340 126 402 169 46
806 160 814 169 .
943 121 1301 171 ἩΡοΔοτοΤ
1839 123 1927 188 [V.

337 199 584 276 α’μαχητὶ
627 201 746 280 εἶχε
787 203 860 261 τά
905 228 1011 276 περ
1065 203 1243 276 ἔλαβε
1293 200 1447 276 παρὰ
1492 203 1929 280 Πεισιστράτου·
2060 220 2089 250 ·

333 286 641 362 ἐπολέμεον
665 287 777 368 γοῖρ
807 289 866 346 ἔκ
892 313 955 348 τε
977 287 1317 366 Ἀχιλληίου
1356 284 1555 350 πόλιος
1594 289 1931 367 ὁρμεῶμενοι

333 372 426 431 καὶ
451 374 674 454 Σιγείου
715 377 808 434 ἐπὶ
841 374 1047 454 χρόνον
1087 373 1299 454 συχνὸν
1324 378 1703 449 Μυτιληναῖοί
1735 405 1798 438 τε
1840 381 1930 439 καὶ

331 459 638 536 Ἀθηναῖοι·
681 465 735 522 οἱ
760 465 865 540 μὲν
891 462 1244 524 ἀπαιτέοντες
1267 461 1373 538 τὴν
1396 460 1603 540 χώρην·
1644 463 1931 543 Ἀθηναῖοι

331 547 392 607 δὲ
423 547 548 608 οὔτε
573 550 1104 632 συγγινωσκόμενοι,
1134 547 1546 614 ἀποδεικνύντες
1570 575 1633 609 τε
1658 552 1813 633 λόγῳ
1840 554 1929 614 οὐ·

331 637 424 698 δὲν
461 641 690 714 μᾶλλον
715 642 988 700 Αἰολεῦσι
1028 637 1227 716 μετεὸν
1260 641 1362 712 τῆς
1385 635 1624 701 Ἰλιάδος
1664 640 1863 718 χώρης,
1892 641 1929 719 ἢ

329 723 394 783 οὗ
435 725 528 783 καὶ
569 725 682 802 σφὶ
723 728 815 785 καὶ
853 727 1008 786 τοῖσι
1048 725 1284 785 ἄλλοισι
1325 724 1453 784 ὅσοι
1478 724 1765 802 Ἑλλήνων
1798 755 1927 790 συν-

237 813 311 869 95
331 812 642 890 επρήξαντο
669 815 932 892 Μενέλεῳ
957 813 1057 877 τοὶς
1082 813 1314 888 Ἑλένης
1340 811 1611 894 ἁρπαγάς.
1671 819 1928 893 Πολεμε-

329 900 500 962 όντων
527 902 589 962 δέ
622 907 828 976 σφεων,
857 906 1098 962 παντοῖα
1140 901 1231 960 καὶ
1268 900 1421 959 ἄλλα
1462 901 1680 981 ἐγένετο
1709 908 1767 962 ἐν
1792 910 1926 982 τῇσι

327 989 568 1068 μάχῃσι·
612 995 669 1049 ἐν
695 989 754 1048 δὲ
779 989 847 1065 δὴ
876 991 968 1048 καὶ
991 989 1257 1054 Ἀλκαῖος
1283 989 1317 1050 ὅ
1340 987 1591 1066 ποιητής,
1620 995 1925 1070 συμβολῆς

326 1079 625 1156 γενομένης
665 1076 758 1136 καὶ
797 1076 1066 1138 νικώντων
1091 1077 1412 1153 Ἀθηναίων,
1452 1076 1619 1142 αὐτὸς
1651 1081 1754 1156 μὲν
1794 1082 1921 1156 φεύ-

325 1189 436 1244 γων
473 1165 744 1244 ἐκφεύγει,
774 1163 846 1224 τὰ
873 1164 938 1224 δέ
962 1168 1014 1224 οἶ
1043 1163 1197 1224 ὅπλα
1236 1164 1469 1243 ἴσχουσι
1500 1164 1801 1241 Ἀθηναῖοι,
1830 1173 1928 1230 καί

327 1257 483 1325 σφεα
511 1250 896 1328 ἀνεκρέμασαν
923 1251 1064 1329 πρὸς
1094 1252 1161 1313 τὰ
1197 1251 1496 1326 Ἀθήναιον
1523 1254 1589 1314 τὰ
1619 1260 1675 1314 ἐν
1703 1258 1918 1337 Σιγείῳ.

323 1343 498 1397 ταῦτα
525 1339 583 1398 δὲ
609 1337 872 1404 Ἀλκαῖος
897 1345 956 1400 ἐν
979 1341 1144 1417 μέλεϊ
1168 1339 1412 1414 ποιήσας
1451 1343 1685 1402 ἐπιτιθεῖ
1720 1349 1772 1406 ἐς
1798 1350 1917 1403 Μυ-

323 1425 566 1502 τιλήνην,
599 1426 1075 1508 ἐξαγγελλόμενος
1099 1427 1168 1487 τὸ
1199 1431 1398 1488 ἑωυτοῦ
1424 1429 1603 1492 πάθος
1630 1433 1917 1491 Μελανίπ-

323 1538 410 1591 πῳ
435 1512 592 1590 α’,νδρὶ
621 1515 832 1594 ἑταίρῳ.
915 1512 1330 1591 Μυτιληναίους
1366 1517 1426 1574 δὲ
1463 1518 1553 1576 καὶ
1590 1517 1917 1594 Ἀθηναίους

321 1600 643 1675 κατήλλαξε
667 1603 1008 1680 Περίανδρος
1035 1602 1067 1662 o‘
1095 1604 1385 1681 Κυψέλου·
1425 1605 1600 1684 τούτῳ
1630 1606 1739 1686 γὰρ
1781 1607 1913 1668 διαι-

319 1693 460 1767 τητῇ
515 1690 909 1769 ἐπετράποντο.
991 1690 1311 1767 κατήλλαξε
1364 1692 1423 1751 δὲ
1472 1690 1593 1753 ὦδε·
1648 1695 1914 1772 νέμεσθαι

321 1778 606 1855 ἑκατέρους
629 1781 732 1855 τήν
761 1781 976 1859 ἔχουσι.
1060 1781 1281 1861 Σίγειον
1307 1783 1411 1857 μέν
1438 1806 1533 1841 νυν
1558 1782 1701 1841 οὕτω
1740 1786 1914 1863 ἐγένε-

225 1864 299 1922 96
319 1888 384 1922 το
419 1864 510 1924 ὑπ’
535 1866 905 1942 Ἀθηναίοισι.
986 1867 1207 1944 Ἱππίης
1236 1869 1295 1927 δὲ
1322 1868 1446 1927 ἐπεί
1478 1893 1543 1927 τε
1582 1867 1809 1929 ἀπίκετο
1852 1876 1912 1930 ἐκ

317 1955 418 2027 τῆς
440 1954 915 2032 Λακεδαίμονος’
890 1982 944 2019 ες
982 1955 1086 2031 τήν
1109 1955 1328 2031 Ἀσίην,
1356 1960 1471 2014 πᾶν
1502 1960 1697 2033 χρῆμα
1726 1957 1910 2029 ἐκίνεε,

318 2039 646 2115 διαβάλλων
683 2068 747 2103 τε
788 2069 917 2106 τους
941 2042 1267 2121 Ἀθηναίους
1298 2044 1438 2119 πρὸς
1466 2068 1564 2102 τον
1602 2042 1910 2155 Ἀρταφέρ-

315 2152 426 2197 νεα,
469 2130 562 2188 καὶ
603 2131 804 2191 ποιέων
846 2130 1066 2192 ἅπαντα
1109 2132 1247 2193 ὅκως
1290 2134 1349 2187 αἱ
1388 2130 1621 2204 Ἀθῆναι
1656 2134 1909 2210 γενοίατο

313 2213 406 2274 ὕπ’
449 2218 626 2296 ἑωυτῷ
676 2243 739 2278 τε
789 2220 882 2277 καὶ
931 2220 1166 2298 Δαρείῳ.
1249 2218 1467 2293 Ἱππίης
1512 2242 1575 2275 τε
1621 2218 1689 2293 δη
1733 2224 1909 2279 ταῦτα

313 2302 579 2380 ἔπρησσε,
613 2305 705 2363 καὶ
747 2309 800 2364 οἱ
841 2305 1127 2383 Ἀθηναῖοι
1172 2306 1475 2383 πυθόμενοι
1525 2310 1716 2377 ταῦτα,
1770 2309 1907 2385 πέμ-

311 2414 484 2449 πουσι
515 2396 571 2453 ἐς
607 2391 806 2470 Σάρδις
839 2394 1113 2475 ἀγγέλους
1148 2394 1245 2453 οὐκ
1284 2398 1474 2457 ἐῶντες
1514 2393 1642 2457 τούς
1678 2396 1908 2469 Πέρσας

311 2478 605 2537 πείθεσθαι
629 2479 934 2555 Ἀθηναίων
971 2486 1123 2541 τοῖσι
1167 2480 1403 2561 φυγάσι·
1446 2482 1479 2541 ὁ
1508 2482 1565 2539 δὲ
1597 2481 1905 2565 Ἀρταφέρ-

310 2588 408 2639 νης
434 2565 655 2624 ἐκέλευέ
678 2574 878 2643 σφεας,
909 2572 957 2627 εἰ
982 2568 1293 2645 βουλοίατο
1322 2568 1452 2626 σόοι
1492 2568 1646 2637 εἶναι,
1680 2571 1906 2629 καταδέ-

311 2653 510 2711 κεσθαι
551 2652 734 2714 ὀπίσω
773 2655 1016 2730 Ἱππίην.
1099 2654 1274 2723 οὔκων
1315 2653 1384 2729 δὴ
1428 2654 1737 2716 ἐνεδέκοντο
1776 2658 1906 2721 τούς

309 2737 515 2819 λόγους
541 2739 994 2819 ἀποφερομένους
1018 2741 1329 2817 Ἀθηναῖοι·
1372 2740 1471 2800 οὖκ
1500 2742 1905 2819 ἐνδεκομένοισι

307 2827 368 2886 δέ
395 2833 506 2902 σφι
533 2828 760 2888 δέδοκτο
801 2835 860 2888 ἐκ
894 2834 996 2889 τοῦ
1038 2833 1285 2907 φανεροῦ
1322 2832 1476 2917 τοῖσι
1503 2829 1769 2909 Πέρσῃσι
1804 2857 1904 2891 πο-

305 2916 533 2991 λεμίους
561 2916 717 2976 εἶναι.

213 3002 286 3060 97
387 3005 704 3080 Νομίζουσι
729 3003 798 3079 δη
823 3008 1014 3073 ταῦτα,
1039 3004 1130 3061 καὶ
1158 3002 1668 3079 διαβεβλημένοισι
1693 3009 1749 3067 ἐς
1773 3006 1905 3069 τοῦς

305 3091 549 3166 Πέρσας,
596 3098 654 3152 ἐν
692 3092 868 3170 τούτῳ
911 3091 978 3167 δή
1022 3095 1098 3169 τῷ
1142 3094 1309 3169 καιρῷ
1349 3090 1381 3150 ὅ
1426 3091 1715 3167 Μιλήσιος
1754 3092 1902 3168 Ἀρι-

305 3178 604 3257 σταγόρης,
647 3180 758 3241 find
805 3180 1154 3255 Κλεομένεος
1194 3184 1293 3238 τοῦ
1331 3179 1772 3254 Λακεδαιμονίου
1818 3178 1902 3245 ἐξ·

302 3266 562 3328 ἐλασθεὶς
605 3273 664 3326 ἐκ
704 3273 806 3343 τῆς
833 3266 1110 3343 Σπάρτης,
1151 3266 1381 3325 οἶπίκετο
1423 3271 1479 3327 ἐς
1507 3265 1609 3326 τὰς
1640 3261 1899 3336 Ἀθήνας·

2233 1087 2251 1264 ...ῄὩ-ψ-
