2259 3500
359 124 578 173 130—-13
585 122 635 187 3]
993 122 1302 171 OTPANIA.
1856 125 1951 175 273

355 201 532 277 κλέος,
588 204 690 262 τοῦ
721 199 1165 277 “Ἀριστοδήμου,
1211 204 1313 260 τοῦ
1362 200 1798 280 Ἀριστομάχου,
1850 205 1955 262 τοῦ

357 289 687 359 Κλεοδαίου,
740 293 841 349 τοῦ
880 288 1120 359 ’Υλλου,
1174 291 1275 347 τοῦ
1313 286 1645 364 Ἡρακλέος·
1714 288 1815 348 &av
1852 293 1953 366 τῆς

357 379 542 456 ἑτέρης
555 378 754 453 ,οἰκίης
792 380 903 437 τῶν
946 375 1256 451 βασιλέων.
1340 373 1492 435 οὗτοι
1543 374 1757 445 πάντες,
1798 376 1953 452 πλὴν

353 470 462 526 τῶν
489 466 630 525 δυῶν
652 469 764 525 τῶν
785 462 928 541 μετὰ
953 464 1295 543 Λευτυχίδεα
1328 463 1559 541 πρώτων
1585 465 1951 543 καταλεχθέν-

351 579 478 625 των,
507 556 561 613 οἱ
586 552 774 626 ἄλλοι,
796 552 1072 629 βασιλέες
1095 552 1349 632 ἐγένοντο
1378 550 1655 629 Σπάρτης·
1695 551 1952 628 Ἀθηναί-

353 648 427 701 ων
445 642 505 701 δὲ
531 639 870 722 ἐστρατήγεε
887 637 1214 703 Ξάνθιππος
1239 638 1272 700 ὅ
1296 638 1648 717 Ἀρίφρονος.
1728 639 1826 703 Ὡς
1852 640 1911 699 δὲ
1931 642 2045 700 132

353 728 723 807 παρεγένοντο
750 733 805 791 ἐς
828 726 932 803 τὴν
957 728 1190 809 Αἴγιναν
1221 731 1405 786 πᾶσαι
1430 731 1489 786 αἶ
1519 732 1660 803 νῆες,
1688 726 1950 787 ἀπίκοντο

353 814 550 875 Ἰώνων
576 813 811 896 ἄγγελοι
837 820 894 878 ἐς
917 814 982 875 τό
1009 814 1391 893 στρατόπεδον
1415 818 1524 874 τῶν
1548 814 1855 891 Ἑλλήνων·
1898 815 1951 873 οἳ

357 902 450 961 καὶ
490 907 546 965 ἐς
581 902 687 978 τήν
713 901 976 979 Σπάρτην
1001 902 1177 984 ὀλίγῳ
1216 902 1489 980 πρότερον
1522 902 1729 963 τούτων
1759 902 1948 963 οἷπικό-

356 1014 529 1063 μενοι,
557 989 772 1050 ἐδέοντο
792 990 1239 1067 Λακεδαιμονίων
1260 991 1583 1068 ἐλευθεροῦν
1601 990 1703 1065 τὴν
1721 990 1948 1065 Ἰωνίην·

355 1080 466 1136 τῶν
491 1077 584 1136 καὶ
617 1077 920 1155 Ἡρόδοτος
959 1076 990 1138 ὅ
1028 1078 1381 1154 Βασιληΐδεω
1414 1078 1503 1155 ἦν·
1547 1077 1601 1137 οἳ
1640 1080 1956 1138 στασιῶταί

355 1171 469 1241 σφι
519 1164 822 1246 γενόμενοι,
867 1165 1243 1242 ἐπεβούλευον
1294 1165 1533 1226 θάνατον
1585 1166 1823 1244 Στράττι
1874 1170 1952 1246 τῷ

355 1253 499 1313 Χίου
537 1251 796 1333 τυράννῳ,
833 1253 1013 1317 ἐόντες
1051 1252 1235 1332 ἀρχήν
1275 1253 1432 1314 ἑπτά·
1495 1255 1951 1331 ἐπιβουλεύοντες

356 1340 416 1400 δὲ
443 1340 514 1404 ὥς
539 1343 771 1418 φανεροὶ
797 1341 1067 1423 ἐγένοντο,
1087 1342 1452 1410 ἐξενείκαντος
1476 1341 1579 1417 τὴν
1606 1344 1951 1421 ἐπιχείρησιν

357 1428 476 1491 {vde
507 1432 618 1488 τῶν
651 1428 1008 1508 μετεχόντων,
1039 1427 1180 1488 οὕτω
1216 1428 1283 1502 δὴ
1320 1432 1373 1487 οἱ
1408 1430 1615 1499 λοιποὶ,
1655 1430 1717 1499 ἓξ
1754 1430 1948 1501 ἐόντες,

356 1515 671 1595 ὑπεξέσχον
697 1522 758 1577 ἐκ
784 1520 884 1593 τῆς
909 1516 1070 1585 Χίου,
1097 1516 1191 1574 καὶ
1217 1520 1272 1577 ἐς
1309 1515 1573 1591 Σπάρτην
1596 1541 1659 1575 τε
1684 1515 1948 1578 ἀπίκοντο

357 1604 450 1662 καὶ
484 1603 554 1680 δή
591 1604 683 1663 καὶ
715 1604 843 1665 τότε
875 1608 931 1667 ἐς
963 1602 1066 1679 τὴν
1097 1603 1346 1684 Αἴγιναν,
1373 1606 1483 1662 τῶν
1512 1602 1799 1679 Ἑλλήνων
1835 1604 1950 1665 δεό-

354 1716 512 1768 μενοι
560 1696 928 1752 καταπλῶσαι
958 1696 1031 1755 ’ἐς
1079 1690 1185 1768 τὴν
1228 1688 1457 1766 Ἰωνίην·
1528 1689 1582 1748 οἳ
1626 1691 1950 1775 προήγαγον

357 1777 555 1842 αὐτοῦς
577 1780 742 1862 μόγις
774 1781 942 1860 μέχρι
967 1779 1185 1856 Δήλου·
1222 1777 1290 1838 τὰ
1324 1778 1435 1860 γάρ
1475 1780 1807 1856 προσωτέρω
1839 1785 1952 1841 πᾶν

357 1865 535 1927 δεινόν
573 1867 644 1943 ἦν
695 1872 847 1929 τοῖσι
888 1868 1159 1944 Ἕλλησι,
1214 1865 1338 1927 οὔτε
1389 1869 1500 1926 τῶν
1550 1866 1743 1946 χώρων
1794 1872 1969 1928 {ofin-c*

358 1955 686 2032 ἐμπείροισι,
737 1960 1006 2034 στρατιῆς
1049 1981 1112 2016 τε
1153 1954 1335 2016 πάντα
1375 1955 1525 2013 πλέα
1571 1954 1751 2014 ἐδόκεε
1795 1956 1949 2016 εἶναι·

356 2042 461 2118 τήν
487 2043 545 2102 δὲ
573 2043 765 2122 Σάμον
792 2045 1088 2126 ἐπιστέατο
1120 2043 1255 2122 δόξῃ
1283 2044 1373 2102 καὶ
1396 2043 1710 2119 Ἡρακλέας
1734 2043 1951 2120 στήλας

359 2131 488 2191 ἴσον
526 2131 773 2212 ἀπέχειν·
815 2134 1117 2194 συνέπιπτε
1153 2132 1213 2191 δὲ
1247 2135 1483 2200 τοιοῦτο,
1512 2129 1659 2190 ὥστε
1687 2132 1817 2196 τούς
1848 2135 1952 2209 μὲν

359 2218 689 2296 βαρβάρους
737 2219 804 2280 τό
856 2219 999 2298 πρός
1043 2220 1283 2298 ἑσπέρης
1335 2217 1583 2297 σ’,νωτέρω
1638 2219 1831 2297 Σάμου
1870 2221 1951 2298 μή

358 2309 580 2382 τολμᾶν
614 2311 998 2384 καταπλῶσαι,
1037 2303 1541 2385 καταρρωδηκότας·
1580 2307 1709 2371 τούς
1739 2308 1798 2367 δὲ
1814 2309 1952 2367 Ἐλ-

359 2395 550 2468 ληνας,
601 2395 937 2472 χρηῖζόντων
989 2396 1157 2464 Χίων,
1209 2394 1275 2454 τὸ
1339 2395 1479 2472 πρὸς
1534 2393 1618 2468 ἤῶ
1668 2397 1968 2473 κατωτέρω·

361 2479 578 2554 Δήλου·
621 2480 761 2542 οὕτω
787 2483 908 2545 δέος
928 2482 996 2543 τό
1021 2482 1202 2559 μέσον
1228 2482 1528 2558 ἐφύλασσέ
1551 2488 1761 2558 σφεων.

445 2571 520 2626 Οἱ
544 2571 647 2644 μὲν
674 2570 742 2645 δὴ
758 2570 1036 2646 Ἕλληνες
1061 2571 1276 2630 ἔπλωον
1303 2575 1357 2632 ἐς
1381 2569 1486 2645 τήν
1506 2572 1717 2645 Δῆλον·
1751 2576 1910 2646 Μαρ-
1934 2573 2047 2630 133

309 2649 322 2662 ‘
364 2646 541 2712 δόνιος
581 2650 640 2709 δὲ
676 2653 803 2730 περὶ
840 2651 944 2728 τήν
983 2651 1313 2727 Θεσσαλίην
1356 2651 1625 2729 ἐχείμαζε.
1708 2651 1957 2712 ἐνθεῦτεν

365 2733 424 2792 δὲ
469 2735 827 2815 ὁρμεώμενος,
871 2741 1081 2817 ἔπεμπε
1130 2738 1271 2798 κατοῖ
1316 2738 1389 2798 rot
1426 2737 1745 2817 χρηστήρια
1784 2736 1957 2816 ἄνδρα

362 2821 634 2900 Εὐρωπέα
677 2828 850 2908 γένος,
891 2831 970 2908 τῷ
1014 2827 1227 2904 οὕνομα
1271 2825 1343 2903 ἦν
1387 2829 1531 2896 Μῦς,
1580 2826 1956 2902 ἐντειλάμενος

364 2917 624 2992 πανταχῆ
647 2941 744 2991 μιν
775 2916 1128 2994 χρησόμενον
1171 2917 1355 2976 ἐλθεῖν
1386 2918 1498 2974 τῶν
1531 2914 1621 2974 οἶά
1650 2939 1712 2974 τε
1746 2913 1815 2990 ἦν
1845 2920 1955 2991 σφι

363 2994 876 3078 ἀποπειρήσασθαι.
957 3003 990 3064 ὅ
1034 3030 1092 3064 τι
1128 3007 1233 3080 μὲν
1284 3003 1632 3080 βουλόμενος
1672 3002 1957 3078 ἐκμαθέειν

363 3087 505 3162 πρός
537 3093 648 3151 τῶν
685 3094 1041 3170 χρηστηρίων
1085 3095 1263 3152 ταῦτα
1309 3091 1645 3160 ἐνετέλλετο,
1700 3116 1798 3149 ουκ
1851 3091 1959 3169 ἔχω

365 3174 606 3250 φράσαι·
649 3205 713 3239 ου
754 3179 862 3262 γοὶρ
907 3179 982 3240 ὧν
1023 3181 1267 3290 λέγεται·
1323 3179 1491 3236 δοκέω
1533 3176 1579 3236 δ’
1621 3179 1792 3260 ἔγωγε
1831 3178 1959 3256 περὶ

363 3286 474 3325 των
519 3269 834 3349 παρεόντων
878 3267 1237 3350 πρηγμάτων,
1294 3265 1387 3325 καὶ
1438 3265 1539 3326 οὐκ
1591 3264 1782 3329 ἄλλων
1832 3268 1961 3346 πέρι
