2259 3500
297 83 392 133 194
907 80 1273 131 ἭΡοΔοΤοτ
1738 78 1891 144 [vn.

297 166 494 238 σφεας,
547 166 714 222 τοῦτο
765 160 1231 239 προεφυλάξαντο
1284 161 1339 218 οἱ
1390 160 1620 223 Φωκέες·
1690 159 1782 217 καὶ
1824 160 1893 219 τό

293 249 437 327 ὕδωρ
477 249 542 309 ro*
586 248 790 327 θερμὸν
820 248 948 309 τότε
988 252 1198 323 ἐπῆκαν
1236 248 1327 307 ἐπὶ
1361 246 1465 323 τὴν
1491 246 1704 317 ἔσοδον,
1720 246 1804 311 ’ὥς
1829 246 1898 307 ἂν

297 337 677 417 χαραδρωθείη
719 364 750 397 ο
789 340 989 416 χῶρος·
1030 363 1145 396 παν
1178 334 1599 449 μηχανεῶμενοι
1639 334 1777 399 ὅκως
1814 336 1898 413 μή

299 431 412 500 σφι
439 423 744 501 ἐσβάλοιεν
771 428 824 484 οἱ
845 424 1192 484 Θεσσαλοὶ’
1168 424 1259 483 επὶ
1285 422 1388 499 τὴν
1413 422 1619 501 χώρην·
1700 448 1767 483 το
1794 424 1899 500 μέν

298 538 394 572 νυν
424 516 608 592 τεῖχος
642 512 708 573 τό
743 511 977 591 οἷρχαῖον
1008 517 1068 571 ἐκ
1107 502 1355 571 παλαιοῦ
1393 536 1455 570 τε
1497 510 1777 587 ἐὸέδμητο,
1804 511 1899 570 καὶ

299 599 365 661 τὸ
405 600 582 661 πλέον
622 597 792 660 αὐτοῦ
830 598 936 676 ἤδη
983 598 1094 661 υπὸ
1135 598 1388 678 χρόνου
1382 599 1573 657 ἔκειτο·
1627 601 1780 657 τοῖσι
1822 597 1896 671 δὲ,

302 687 454 751 αὖτις
507 686 818 765 ὀρθώσασι,
862 687 1014 757 ἔδοξε
1065 687 1239 765 ταύτῃ
1294 670 1601 762 ἀπαμύνειν
1646 684 1759 743 utar&
1799 688 1901 761 τῆς

299 775 578 840 Ἑλλάδος
615 775 714 836 τόν
750 774 1073 853 βάρβαρον.
1155 774 1311 851 κώμη
1353 773 1416 832 δέ
1454 778 1577 833 ἐστι
1608 771 1901 853 ἀγχοτάτω

301 868 402 940 τῆς
427 864 576 935 ὁδοῦ,
601 862 878 939 Ἀλπηνοὶ
915 862 1141 940 οὕνομα·
1185 866 1245 921 ἐκ
1281 860 1483 937 ταύτης
1522 861 1583 919 δὲ
1616 864 1900 921 ἐπισιτιεῖ-

305 953 444 1011 σθαι
471 950 789 1032 ἐλογίζοντο
816 953 870 1009 οἱ
883 949 1181 1026 Ελληνες.

212 1038 326 1099 177
416 1043 488 1099 Οἱ
511 1040 617 1115 μέν
642 1063 738 1099 νυν
755 1041 929 1118 χῶροι
956 1036 1109 1097 οὗτοι
1134 1041 1287 1097 τοῖσι
1301 1036 1558 1123 Ελλησι
1585 1036 1721 1096 εἶναι
1743 1035 1900 1107 ἐφαί-

303 1152 466 1187 νοντο
520 1125 812 1200 ἐπιτήδεοι·
867 1124 1084 1186 ἅπαντα
1134 1152 1244 1205 γαρ
1296 1120 1764 1201 προσκεψαμενοι,
1809 1122 1900 1182 καὶ

307 1210 827 1293 ἐπιλογισθέντες”
797 1238 882 1272 οτι
915 1237 1043 1271 ουτε
1081 1212 1318 1288 πλήθει
1330 1212 1517 1281 ἕξουσι
1556 1206 1807 1290 χρᾶσθαι
1848 1214 1900 1270 οἶ

305 1299 598 1376 βάρβαροι
629 1324 754 1359 ουτε
791 1298 956 1379 ἵππω,
988 1298 1163 1379 ταύτῃ
1192 1306 1307 1375 σφι
1338 1299 1487 1369 ἔδοξε
1518 1299 1777 1359 δέκεσθαι
1801 1324 1900 1358 τον

308 1386 534 1447 ἐπιόντα
565 1388 658 1447 ἐπὶ
687 1386 792 1464 τήν
814 1386 1084 1447 Ἑλλάδα·
1141 1414 1212 1451 ως
1242 1388 1301 1447 δὲ
1334 1386 1601 1447 ἐπύθοντο
1630 1386 1729 1447 τόν
1756 1386 1898 1463 Πέρ-

307 1501 418 1551 σην
459 1474 619 1536 ἐόντα
660 1480 718 1536 ἐν
761 1476 978 1554 Πιερίῃ,
1011 1476 1359 1538 διαλυθέντες
1402 1480 1461 1533 ἐκ
1503 1478 1606 1534 τοῦ
1646 1468 1896 1552 Ἰσθμοῦ,

311 1562 707 1641 ἐστρατεύοντο
754 1562 932 1623 αὐτῶν
980 1566 1033 1623 οἱ
1076 1566 1181 1641 μὲν
1229 1568 1283 1626 ἐς
1324 1561 1693 1640 Θερμοπύλας
1742 1563 1896 1640 πεζῇ,

307 1650 478 1712 α”λλοι
505 1652 564 1711 δὲ
588 1678 726 1712 κατα
757 1652 1060 1713 θάλασσαν
1091 1650 1175 1710 ἐπ’
1200 1650 1576 1728 Ἀρτεμίσιον.

216 1739 332 1802 178
363 1800 369 1806 ,
417 1744 490 1802 Οἱ
527 1742 631 1818 μὲν
671 1739 738 1818 δὴ
769 1739 1046 1816 Ἕλληνες
1087 1740 1229 1800 κατοὶ
1266 1738 1436 1818 τάχος
1478 1736 1748 1815 ἐβοήθεον
1792 1734 1903 1795 δια-

306 1829 620 1908 ταχθέντες.
705 1829 929 1905 Δελφοὶ
955 1829 1001 1888 δ’
1029 1833 1086 1888 ἐν
1109 1828 1286 1907 τούτῳ
1322 1830 1399 1906 τῷ
1422 1825 1603 1906 χρόνῳ
1631 1830 1902 1905 ἐχρηστη-

303 1917 562 1994 ριάζοντο
607 1921 684 1996 τῷ
730 1918 850 1995 θεῷ,
897 1915 1037 1994 ὑπὲρ
1091 1919 1301 1975 ἑωυτῶν
1348 1915 1441 1973 καὶ
1482 1919 1583 1991 τῆς
1626 1913 1904 1976 Ἑλλάδος

307 2003 800 2085 καταρρωδηκότες·
857 2005 954 2063 καί
995 2010 1108 2080 σφι
1154 2003 1407 2083 ἐχρήσθη
1454 2001 1710 2080 αἶνέμοισι
1755 2002 1901 2081 εὔχε-

305 2093 465 2178 σθαιζ
522 2090 803 2173 μεγάλους
848 2091 960 2172 γαῖρ
1001 2090 1229 2154 τούτους
1274 2091 1509 2162 ἔσεσθαι
1552 2093 1627 2169 τῇ
1667 2088 1905 2148 Ἑλλάδι

307 2179 659 2291 συμμαῗχους.
742 2179 965 2255 Δελφοὶ
1031 2179 1090 2238 δὲ
1158 2177 1444 2255 δεξάμενοι
1499 2177 1566 2238 τό
1618 2177 1902 2254 μαντήϊον,

307 2271 502 2354 πρῶτα
527 2269 642 2344 μὲν,
668 2266 958 2343 Ἑλλήνων
982 2269 1135 2327 τοῖσι
1155 2267 1563 2352 βουλομένοισι
1589 2265 1730 2326 εἶναι
1754 2259 1904 2324 &sev-

311 2355 526 2440 θέροισι
550 2354 880 2437 ἐξήγγειλαν
904 2381 976 2415 τα
1001 2355 1323 2433 χρησθέντα
1349 2353 1593 2415 αὖτοῖσι·
1676 2354 1773 2413 καί
1794 2358 1907 2429 σφι

310 2442 494 2541 δεινῶς
529 2441 972 2521 καταρρωδέουσι
1005 2442 1104 2502 τὸν
1132 2443 1439 2520 βάρβαρον
1467 2441 1906 2522 ἐξαγγείλαντες,

307 2520 474 2609 χάριν
493 2527 768 2591 αθανατον
793 2531 1104 2591 κατέθεντο·
1146 2529 1289 2606 μετὰ
1315 2529 1375 2588 δὲ
1393 2532 1583 2603 ταῦτα,
1610 2555 1665 2587 οι
1645 2529 1908 2604 ’Δελφοὶ

307 2621 462 2678 τοῖσι
495 2617 762 2695 ανέμοισι
800 2617 1000 2694 βωμόν
1034 2643 1096 2677 τε
1136 2615 1409 2686 απέδεξαν
1444 2622 1503 2677 ἐν
1534 2616 1691 2694 Θυίῃ,
1730 2619 1909 2693 τῇπερ

309 2710 411 2782 τῆς
445 2711 717 2784 Κηφισοῦ
753 2704 1027 2786 θυγατρός
1060 2706 1231 2780 Θυίης
1264 2703 1332 2764 τὰ
1371 2703 1598 2781 τέμενός
1640 2708 1781 2772 ἐστι,
1826 2699 1907 2762 ἐπ’

307 2791 376 2870 ἧς
413 2795 505 2854 καὶ
537 2794 572 2855 ὅ
611 2798 792 2875 χῶρος
827 2790 987 2855 οὗτος
1021 2790 1125 2868 τήν
1164 2792 1473 2868 ἐπωνυμίην
1514 2791 1646 2870 ἔχει·
1688 2790 1782 2848 καὶ
1820 2790 1909 2850 θυ·

310 2882 482 2962 σι’ῃσζ
521 2888 705 2960 σφεας
743 2879 1037 2960 μετ-ήῖσαν.
1120 2879 1345 2954 Δελφοὶ
1390 2881 1494 2956 μὲν
1534 2875 1603 2953 δὴ
1657 2877 1800 2936 κατὰ
1844 2875 1911 2937 τό

309 2970 656 3050 χρηστήριον
681 2971 763 3030 ἔτι
789 2969 880 3030 καὶ
906 2971 1004 3030 νῦν
1028 2965 1158 3030 τοῦς
1182 2965 1415 3043 ἀνέμους
1442 2965 1793 3026 ἱλάσκονται.

219 3056 332 3118 179
416 3056 484 3118 Ὁ
523 3058 583 3118 δὲ
614 3056 867 3121 ναυτικὰς
901 3055 1118 3134 Ξέρξεω
1155 3055 1414 3134 στρατὸς,
1458 3052 1811 3132 ὅρμεῶμενος
1853 3059 1916 3114 ἐκ

311 3147 532 3223 Θέρμης
555 3147 772 3218 πόλιος,
799 3147 1097 3225 παρέβαλε
1123 3147 1291 3224 νηυσὶ
1315 3150 1451 3225 τῇσι
1477 3143 1683 3222 ἄριστα
1708 3142 1915 3204 πλεού-

312 3258 456 3310 σῃσι
481 3227 627 3294 δέκα
641 3236 727 3296 ἶθύ
748 3236 1013 3301 Σκιάθου·
1054 3235 1186 3296 ἔνθα
1211 3235 1363 3311 ἦσαν
1386 3231 1913 3310 προφυλάσσουσαι
