2259 3500
309 140 374 184 62
918 133 1292 184 ΗΡοΔοτοτ
1784 134 1909 199 [Ἦ.

307 214 417 292 ἔχω
447 211 652 273 ἐλπίδα
687 239 770 290 μη
811 212 876 273 ού
917 211 1118 273 δώσειν
1158 210 1333 289 ὖμέας
1360 210 1519 288 δίκην
1557 214 1635 291 τῷ
1668 213 1915 288 βασιλέῖ

304 303 406 376 τῆς
448 299 819 364 ἀποστάσιος.
902 298 1034 359 ἀλλ’
1068 301 1201 378 ἐμοί
1234 325 1297 360 τε
1339 298 1610 360 πείθεσθε
1650 301 1745 359 καὶ
1788 303 1915 378 ἐμοὶ

305 386 479 465 ὑμέας
523 387 724 450 αὐτοῦς
764 387 1117 466 ἐπιτρέψατε·
1167 388 1261 448 καὶ
1302 387 1435 465 ύμῖν
1481 386 1607 468 ἐγῶ,
1654 388 1797 449 θεῶν
1816 392 1915 450 vro}
1973 437 1978 443 .

304 475 409 536 ἶσα
448 473 742 552 νεμόντων,
769 474 1171 554 ὑποδέκομαιέ
1135 502 1174 552 η
1201 503 1267 538 ου
1306 476 1605 554 συμμίξειν
1642 502 1775 540 τους
1814 503 1913 538 πο-

277 563 549 641 λεμίους,
587 561 626 640 ἢ
673 565 1118 645 συμμίσγοντας
1146 560 1371 623 πολλόν
1418 563 1915 626 ἐλασσῶσεσθαιῖ’

213 653 288 713 12
311 656 501 713 Ταῦτα
529 650 868 716 ἀκούσαντες
894 679 948 714 οι
976 650 1216 716 *vaee’
1189 651 1551 729 επιτρέπουσι
1592 652 1778 728 σφέας
1817 652 1911 712 αύ-

304 739 435 805 τοῦς
457 744 536 820 τῷ
561 741 861 801 Διονυσίω.
923 767 954 800 ο
983 738 1126 810 δέ,’
1088 739 1309 821 ανάγων
1335 737 1605 798 ἑκάστοτε
1632 739 1725 798 ἐπὶ
1749 740 1915 817 κέρας

246 867 260 898 ,
303 827 405 892 τοὶς
445 829 587 899 νέας,
630 828 768 893 ὅκως
809 830 962 890 τοῖσι
1003 827 1229 906 ἐρέτῃσι
1268 826 1567 906 χρήσαιτο,
1614 826 1913 890 διέκπλοον

302 916 629 995 ποιεύμενος
667 921 804 996 τῇσι
839 915 1002 992 νηυσὶ
1037 914 1104 974 δι’
1137 913 1454 992 ἀλληλέων,
1497 913 1591 972 καὶ
1626 939 1757 978 τους
1797 919 1912 976 ἐπι·

305 1005 492 1081 βάτας
540 1004 814 1074 ὁπλίσειε,
861 1003 928 1063 τό
975 1002 1181 1063 λοιπόν
1224 1005 1327 1078 τῆς
1372 1000 1583 1079 ἡμέρης
1634 1027 1737 1066 τας
1787 1004 1913 1068 νέας

307 1091 507 1170 ἔχεσκε
543 1090 628 1151 ἐπ’
655 1090 953 1173 ἀγκυρέων·
994 1090 1233 1169 παρεῖχέ
1265 1115 1328 1150 τε
1364 1092 1519 1149 τοῖσι
1535 1087 1699 1150 Ἴωσι
1737 1089 1914 1152 πόνον

305 1178 377 1240 δι’
401 1179 630 1257 ἡμέρης.
711 1179 882 1260 μέχρι
907 1178 1012 1255 μέν
1037 1205 1135 1238 νυν
1160 1178 1407 1255 ἡμερέων
1439 1176 1580 1238 ἑπτα
1624 1178 1913 1240 ἐπείθοντό

302 1279 366 1327 τε
387 1268 496 1327 ,καὶ
529 1267 748 1328 ἐποίευν
787 1265 855 1327 τό
895 1264 1279 1343 κελευόμενον·
1319 1269 1393 1345 τῇ
1434 1265 1495 1325 δὲ
1527 1265 1619 1326 ἐπὶ
1652 1265 1909 1345 ταύτῃσι,

305 1353 387 1436 [οἱ
400 1354 609 1436 Ἴωνες]
637 1355 728 1414 οἷα
753 1353 994 1416 ἀπαθέες
1020 1351 1205 1417 ἐόντες
1229 1352 1415 1414 πόνων
1440 1351 1702 1414 τοιούτων
1725 1379 1910 1432 τετρυ-

301 1443 463 1520 μένοι
502 1468 566 1504 τε
605 1441 1026 1522 ταλαιπωρίῃσί
1059 1466 1124 1504 τε
1167 1440 1260 1500 καὶ
1299 1439 1488 1520 ἠελίῳ,
1531 1440 1727 1511 ἔλεξαν
1766 1441 1911 1518 πρὸς

305 1531 534 1596 ἔωσι-οῦς
551 1529 702 1591 τάδε·
737 1540 775 1567 “
787 1532 914 1591 τίνα
939 1528 1214 1608 δαιμόνων
1238 1527 1600 1607 παραβάντες
1622 1529 1754 1608 τάδε
1780 1528 1911 1606 ἄνα-

301 1619 652 1697 πίμπλαμεν,
674 1619 872 1684 οἵτινες
894 1617 1443 1697 παραφροιηὶσαντες
1468 1617 1561 1678 καὶ
1584 1617 1909 1679 ἐκπλώσαν-

301 1731 394 1772 τες
429 1711 492 1769 ἐκ
526 1711 629 1771 τοῦ
666 1707 814 1780 νόου,
841 1707 1001 1786 α’,νδρὶ
1025 1705 1245 1767 Φωκαέῖ
1284 1703 1517 1777 ἀλαζόνι
1546 1705 1910 1787 παρεχομένῳ

300 1796 429 1861 νέας
456 1799 607 1875 τρεῖς
645 1798 1040 1875 ἐπιτρέψαντες
1073 1794 1251 1872 ἡμέας
1282 1792 1482 1856 αύτοῦς
1518 1793 1746 1872 ἔχομεν;
1790 1794 1824 1853 ὅ
1848 1795 1910 1855 δὲ

303 1884 660 1962 παραλαβών
685 1883 879 1961 ἡμέας,
905 1884 1235 1959 λυμαίνεται
1266 1881 1487 1961 λύμῃσι
1526 1880 1907 1957 ἀνηκέστοισι·

305 1970 398 2029 καὶ
443 1969 512 2045 δὴ
554 1970 769 2029 πολλοὶ
813 1972 918 2047 μὲν
958 1968 1144 2046 ἡμέων
1186 1972 1242 2033 ἐς
1284 1967 1521 2033 νούσους
1561 1968 1905 2045 πεπτώκασι,

302 2057 518 2117 πολλοὶ
563 2056 624 2117 δὲ
677 2057 924 2127 ἐπίδοξοι
973 2056 1151 2117 τῶυτό
1200 2060 1369 2118 τοῦτο
1423 2056 1732 2117 πείσεσθαί
1775 2060 1905 2116 εἰσι·

300 2142 414 2221 πρό
437 2170 502 2205 τε
525 2142 734 2205 τούτων
757 2148 870 2205 τῶν
896 2148 1076 2205 κακῶν
1100 2144 1237 2222 ἦμῖν
1256 2170 1325 2226 γε
1350 2145 1597 2221 κρέσσον
1623 2144 1719 2203 καὶ
1745 2144 1909 2205 ὄτιῶν

305 2230 460 2291 ἄλλο
503 2232 731 2293 παθέειν
773 2232 914 2304 ἐστὶ,
964 2232 1058 2292 καὶ
1100 2232 1206 2309 τήν
1258 2231 1588 2309 μέλλουσαν
1642 2232 1907 2308 δουληίην

301 2318 675 2396 ὑπομεῖναι,
637 2347 759 2397 ητις
799 2321 975 2391 ἔσται,
1006 2324 1236 2397 μαλλον
1274 2318 1312 2396 ἢ
1342 2323 1415 2399 τῇ
1447 2318 1737 2399 παρεούσῃ
1772 2345 1903 2379 συν-

301 2407 554 2486 ἔχεσθαι.
622 2409 837 2486 φέρετε,
864 2412 966 2469 τοῦ
993 2412 1200 2469 λοιποῦ
1225 2434 1306 2485 μη
1334 2406 1654 2484 πειθώμεθα
1681 2404 1872 2467 αὐτοῦ.
1874 2406 1907 2427 ”

300 2500 480 2556 ταῦτα
506 2495 721 2565 ἔλεξαν·
763 2497 855 2556 καὶ
880 2522 1024 2573 μετα
1047 2500 1225 2557 ταῦτα
1251 2494 1447 2556 αὐτίκα
1478 2495 1774 2555 πείθεσθαι
1817 2493 1906 2554 οὖ-

300 2582 410 2647 δεὶς
433 2581 784 2660 ἥθελε·αλλ
666 2584 934 2655 αλλ’,οἶα
961 2583 1221 2661 στρατιὴ,
1247 2608 1457 2659 σκηνας
1492 2608 1555 2642 τε
1592 2582 1905 2659 πηξάμενοι

274 2675 358 2731 ·ε’ν
391 2674 466 2750 τῇ
499 2670 656 2753 νήσω
694 2673 1182 2751 ἐσκιητροφέοντο,
1210 2671 1303 2731 καὶ
1329 2670 1617 2747 ἐσβαίνειν
1652 2668 1751 2730 ούκ
1786 2670 1905 2730 ἐθέ-

210 2759 280 2817 13
303 2762 514 2821 λεσκον
554 2764 610 2825 ἐς
641 2760 744 2824 τοὶς
777 2760 917 2832 νέας,
955 2759 1070 2820 οὐδ’
1095 2756 1525 2836 ἀναπειρᾶσθαι.
1608 2756 1906 2821 Μαθόντες

303 2846 364 2907 δὲ
392 2852 570 2910 ταῦτα
605 2848 872 2931 γινόμενα
905 2853 966 2909 ἐκ
991 2852 1103 2910 τῶν
1125 2846 1324 2908 Ἰώνων
1356 2848 1411 2905 οἱ
1442 2846 1755 2926 στρατηγοὶ
1792 2848 1907 2905 τῶν

299 2936 542 3014 Σαμίων,
569 2937 805 2999 ἐνθαῦτα
847 2935 915 3013 δὴ
957 2936 1088 3015 παρ’
1115 2934 1351 2999 Αἰάκεος
1391 2936 1492 2995 τοῦ
1534 2934 1905 3000 Συλοσῶντος

301 3024 509 3090 κείνους
543 3023 674 3089 τούς
705 3022 978 3103 πρότερον
1013 3026 1226 3101 ἔπεμπε
1266 3022 1473 3105 λόγους
1498 3021 1531 3082 ὅ
1557 3020 1789 3096 Αἰάκης,
1818 3046 1903 3079 κε·-

299 3112 572 3173 λευόντων
609 3114 722 3174 τῶν
763 3112 1047 3189 Περσέων,
1096 3110 1353 3189 δεόμενός
1406 3117 1601 3187 σφεων
1654 3110 1904 3167 ἐκλιπεῖν

299 3198 404 3272 τήν
425 3199 623 3261 Ἰώνων
648 3200 1130 3278 συμμαχίην,-οἶ
1150 3200 1355 3277 Σάμιοι
1382 3199 1473 3269 ὦν,
1495 3196 1757 3274 ὅρέωντες
1782 3192 1901 3268 ἅμα

297 3286 404 3359 μὲν
430 3290 635 3348 ἐοῦσαν
661 3287 894 3364 ἀταξίην
917 3286 1147 3365 πολλὴν
1176 3291 1238 3348 ἐκ
1268 3290 1379 3348 τῶν
1403 3284 1619 3352 Ἰώνων,
1648 3280 1900 3341 ἐδέκοντο
