2259 3500
963 385 1723 502 ‘HPOA'OTOY¹

773 557 1291 626 ἰΣΤοΡιΩΝ
1361 561 1835 626 HEMHTH.

1213 699 1413 730 ——Q-—-

1081 815 1553 870 ΤΕΡΨῙΧΟΡΗ.

545 903 627 958 ΟΙ
655 898 714 957 δὲ
741 903 798 958 ἐν
822 901 895 975 τῇ
921 877 1163 976 Ευρωπῃ
1182 901 1293 956 τῶν
1314 898 1583 975 Περσέων
1604 897 2069 972 καταλειφθέντες
2098 897 2127 954 l

461 985 572 1046 ὕπο
605 986 847 1062 Δαρείου
879 988 989 1044 τῶν
1026 983 1058 1044 ὁ
1092 985 1512 1065 Μεγάβαζος’
1476 1012 1633 1064 ηρχε,
1675 1009 1927 1064 πρωτους
1960 985 2064 1060 μὲν

462 1072 791 1150 Περινθίους
803 1072 1269 1154 Ελλήσποντίων
1296 1099 1369 1132 ου
1344 1071 1819 1153 ’βουλομένους
1788 1071 2065 1154 υπηκόους

461 1161 602 1222 εἶναι
622 1161 864 1238 Δαρείου
885 1162 1354 1239 κατεστρέψαντο,
1371 1159 1771 1241 περιεφθέντας
1791 1159 2065 1239 πρότερον

460 1251 556 1330 καὶ
572 1249 685 1310 ὑπὸ
707 1248 965 1310 Παιόνων
982 1250 1247 1328 τρηχέως.
1302 1253 1357 1310 οἱ
1381 1249 1492 1331 γοῖρ
1515 1249 1589 1311 ὧν
1609 1250 1721 1310 ἀπ’-ὀ
1744 1248 2064 1328 Στρυμόνος

461 1339 720 1409 Παίονες,
745 1336 1066 1416 χρήσαντος
1095 1342 1196 1398 τοῦ
1232 1339 1363 1398 θεοῦ
1395 1337 1801 1416 στρατεύεσθαι
1826 1338 1919 1396 ε’πὶ
1953 1342 2063 1396 Πε-

457 1427 720 1504 ρινθίους,
752 1426 844 1484 καὶ
879 1423 948 1502 ἦν
977 1428 1082 1502 μὲν
1117 1425 1589 1502 ἀντικατιζόμενοι
1622 1425 2068 1486 ἐπικαλέσωνταί

463 1520 650 1589 σφεας
675 1517 729 1573 οἱ
763 1514 1051 1591 Περίνθιοι
1086 1513 1365 1590 ὀνομαστὶ
1389 1515 1681 1590 βώσαντες
1706 1513 1836 1578 τους
1862 1514 1921 1573 δὲ
1948 1518 2062 1572 ἐπι-

460 1603 712 1679 χειρέειν,
757 1599 826 1676 ἢν
879 1601 938 1660 δὲ
989 1602 1070 1678 μὴ
1125 1601 1517 1678 ἐπιβώσωνται
1574 1603 1655 1679 μὴ
1715 1602 2058 1680 ἐπιχειρέειν,

465 1689 682 1747 ἐποίευν
723 1691 778 1747 οἱ
817 1689 1054 1754 Παίονες
1093 1693 1285 1749 ταῦτα·
1329 1688 1819 1766 ἀντικατιζομένων
1854 1689 1913 1748 δὲ
1953 1693 2063 1749 τῶν

462 1777 772 1853 Περινθίων
815 1781 873 1836 ἐν
917 1780 994 1855 τῷ
1038 1778 1383 1856 προαστηΐῳ,
1426 1778 1661 1837 ἐνθαῦτα
1706 1778 2060 1855 μουνομαχίη

457 1866 738 1941 τριφασίη
763 1868 824 1923 ἐκ
850 1863 1199 1941 προκλήσιός
1226 1872 1339 1941 σφι
1365 1866 1600 1947 ἐγένετο·
1634 1864 1726 1923 καὶ
1752 1863 1861 1944 γὰρ
1888 1862 2061 1943 ἄνδρα

459 1951 636 2031 α’νδρὶ,
681 1954 774 2013 καὶ
817 1953 989 2012 ἵππον
1034 1953 1185 2032 ἵππῳ
1229 1954 1567 2029 συνέβαλον,
1612 1953 1705 2012 καὶ
1746 1951 1883 2013 κύνα
1924 1953 2061 2013 κυνί·

459 2040 728 2102 νικώντων
765 2040 824 2099 δὲ
865 2040 938 2101 τὰ
979 2040 1078 2100 δύο
1117 2045 1230 2101 τῶν
1268 2042 1590 2118 Περινθίων,
1626 2040 1697 2105 ὥς
1740 2039 2061 2118 ἐπαιώνιζον

460 2128 846 2207 κεχαρηκότες,
866 2128 1257 2204 συνεβάλοπο
1277 2132 1331 2188 οἶ
1358 2130 1595 2191 Παίονες
1620 2129 1687 2189 τὸ
1714 2128 2061 2207 χρηστήριον

459 2216 595 2277 αὗτὸ
621 2220 789 2277 τοῦτο
816 2216 971 2275 εἶναι·
1005 2216 1098 2276 καὶ
1127 2215 1289 2277 εἶπάν
1310 2242 1407 2275 κου
1434 2215 1587 2293 παρὰ
1613 2218 1789 2292 σφίσι
1815 2215 2058 2275 αὐτοῖσι·

460 2312 497 2339 “
514 2308 613 2365 νῦν
659 2303 728 2365 ἂν
773 2306 856 2380 εἴη
905 2303 935 2363 ὁ
981 2303 1244 2383 χρησμὸς
1292 2304 1709 2381 ἐπιτελεόμενος
1758 2302 1911 2380 ἡμῖν·
1966 2307 2062 2363 νῦν

457 2392 730 2469 ἡμέτερον
755 2391 822 2451 τό
850 2390 1060 2472 ἔργον·”
1102 2391 1245 2450 οὕτω
1274 2396 1427 2451 τοῖσι
1460 2391 1813 2469 Περινθίοισι
1837 2391 2059 2450 παιωνί-

459 2503 606 2538 σασι
642 2481 1016 2559 ἐπιχειρέουσι
1056 2482 1110 2539 οἱ
1152 2479 1409 2549 Παίονες,
1440 2480 1533 2539 καὶ
1568 2482 1768 2557 πολλῷ
1802 2504 1864 2538 τε
1906 2477 2061 2555 ἐκρά-

455 2592 641 2644 τησαν
679 2567 772 2628 καὶ
807 2567 1003 2627 ἔλιπόν
1035 2574 1229 2643 σφεων
1258 2566 1501 2647 ὀλίγους.
1584 2566 1669 2625 Τοὶ
1702 2569 1806 2643 μὲν
1848 2564 1915 2641 δή
1950 2564 2064 2625 α’,πὸ
2094 2568 2129 2621 2

458 2656 719 2717 Παιόνων
763 2655 1037 2733 πρότερον
1079 2654 1355 2737 γενόμενα
1400 2652 1503 2713 ὦδε
1550 2655 1786 2735 ἐγένετο·
1834 2653 1963 2715 τότε
2002 2652 2061 2711 δὲ

457 2742 672 2821 ἀνδρῶν
705 2744 933 2825 ἀγαθῶν
967 2744 1096 2820 περὶ
1131 2746 1233 2817 τῆς
1270 2741 1583 2818 ἐλευθερίης
1616 2742 1917 2823 γινομένων
1950 2743 2061 2799 τῶν

459 2833 783 2909 Περινθίων,
813 2834 866 2890 οἶ
904 2831 1128 2907 Πέρσαι
1164 2855 1226 2890 τε
1264 2830 1355 2889 καὶ
1388 2828 1421 2889 ὁ
1458 2829 1804 2909 Μεγάβαζος
1833 2827 2059 2904 ἐπεκρά-

457 2942 640 2991 τησαν
669 2920 897 2994 πλήθεΐ.
968 2917 1038 2980 ὥς
1071 2918 1130 2977 δὲ
1168 2916 1434 2996 ἐχειρώθη
1464 2915 1502 2993 ἦ
1536 2917 1825 2993 Πέρινθος,
1852 2914 2059 2989 ἤλαυνε

457 3003 557 3064 τὸν
589 3007 834 3083 στρατόν
870 3005 903 3066 ὁ
943 3005 1293 3086 Μεγάβαζος
1324 3003 1415 3063 διδ.
1446 3008 1547 3079 τῆς
1580 3004 1839 3080 Θρηίκης,
1864 3004 2060 3059 πᾶσαν

456 3092 629 3153 πόλιν
644 3097 736 3154 καὶ
752 3099 867 3155 πᾶν
885 3094 1040 3157 ἔθνος
1057 3096 1167 3153 τῶν
1182 3092 1355 3171 ταύτῃ
1372 3091 1672 3166 οἰκημένων
1686 3086 2061 3163 ἡμερούμενος

454 3181 716 3257 βασιλέϊ·
757 3187 934 3245 ταῦτα
964 3180 1074 3261 γάρ
1107 3182 1161 3239 οἱ
1200 3179 1494 3239 ἐντέταλτο
1528 3182 1588 3235 ἐκ
1624 3174 1879 3249 Δαρείου,
1912 3180 2059 3249 Θρη-

433 3271 580 3349 ίκην
610 3270 1124 3350 καταστρέφεσθαι.
