2259 3500
349 132 377 176 9
386 130 410 176 1
419 154 473 163 --·
480 127 565 191 98]
974 126 1344 173 ΠΟΛΤΜΝῘΔ.
1861 124 1946 174 157

351 208 449 266 κᾶν
505 208 673 274 ἔθνος,
720 205 957 282 ὕστερον
1010 204 1070 262 δὲ
1120 204 1362 263 Ἰωνικόν
1411 198 1620 279 ἐκλήθη
1669 204 1807 263 κατὰ
1853 203 1950 263 τὸν

350 296 519 355 αὐτὸν
567 294 741 374 λόγον
798 294 889 351 καὶ
938 295 992 350 οἱ
1040 292 1476 354 δυωδεκαπόλιες
1515 290 1696 353 Ἴωνες
1751 295 1803 349 οἱ
1857 291 1949 349 ἀπ’

348 383 638 457 Ἀθηνέων.
725 382 955 443 Αἰολέες
1010 381 1068 438 δὲ
1116 380 1380 455 ἑξήκοντα
1429 380 1554 442 νέας
1599 380 1948 457 παρείχοντο,

352 470 753 545 ἐσκευασμένοι
787 494 847 529 τε
888 469 957 531 ὥς
984 468 1263 543 ’Έλληνες
1307 468 1396 525 καὶ
1438 466 1504 526 τὸ
1542 468 1721 525 πάλαι
1759 466 1949 526 καλεό-

349 584 505 634 μενοι
534 557 849 636 Πελασγοὶ,
891 556 961 619 ὥς
994 556 1286 631 Ἑλλήνων
1322 556 1512 636 λόγος.
1597 554 1950 630 Ἑλλησπόν-

348 672 457 705 τιοι
501 648 575 714 δὲ,
616 644 769 719 πλὴν
809 643 1155 719 Ἀβυδηνῶν·
1199 642 1589 723 (Ἀβυδηνοῖσι
1625 643 1734 724 γοὶρ
1773 668 1946 719 προσ-

352 736 607 795 ετέτακτο
634 738 695 791 ἐκ
720 734 1013 808 βασιλέος,
1044 731 1185 792 καταῖ
1211 732 1398 809 χώρην
1422 732 1672 806 μένουσι,
1694 732 1949 806 φύλακας

354 823 490 881 εἶναι
530 825 638 881 τῶν
680 821 1008 901 γεφυρέων)
1053 822 1105 879 οἶ
1150 820 1208 877 δὲ
1251 820 1444 877 λοιποὶ
1489 824 1546 875 ἐκ
1587 824 1686 877 τοῦ
1728 818 1948 877 Πόντου

353 908 797 987 στρατευόμενοι,
842 908 1174 985 παρείχοντο
1217 909 1322 983 μὲν
1357 906 1549 965 ἐκατόν
1589 908 1728 975 νέας,
1765 911 1949 964 ἐσκευ-

352 999 587 1074 ασμένοι
624 998 683 1055 δὲ
720 996 871 1072 ἦσαν
908 994 979 1058 ὦς
992 996 1284 1070 Ἕλληνες.
1372 992 1524 1053 οὗτοι
1552 994 1612 1055 δὲ
1635 993 1830 1052 Ἰώνων
1857 994 1946 1053 καὶ

354 1087 607 1161 Δωριέων
648 1085 883 1144 ἄποικοι.

428 1172 810 1248 Ἐπεβάτευον
836 1172 895 1230 δὲ
922 1171 1014 1229 ἐπὶ
1040 1171 1268 1231 πασέων
1292 1174 1404 1230 τῶν
1436 1176 1568 1231 νεῶν
1607 1172 1830 1246 Πέρσαι
1859 1171 1950 1229 καὶ
1967 1174 2042 1230 96

353 1263 541 1337 Μῆδοι
562 1261 654 1319 καὶ
676 1259 871 1324 Σάκαι.
918 1259 1125 1318 τούτων
1147 1260 1204 1317 δὲ
1225 1258 1431 1336 ἄριστα
1452 1259 1738 1320 πλεούσας
1765 1261 1951 1336 παρεί-

350 1376 519 1427 χοντο
546 1352 673 1412 νέας
692 1350 954 1416 Φοίνικες,
978 1348 1069 1405 καὶ
1090 1348 1356 1406 Φοινίκων
1379 1347 1644 1410 Σιδώνιοι.
1700 1347 1950 1407 τούτοισι

352 1442 511 1507 πᾶσι,
552 1438 643 1495 καὶ
682 1441 833 1495 τοῖσι
875 1440 929 1497 ἐς
967 1434 1067 1494 τόν
1106 1434 1276 1504 πεζὸν
1317 1436 1708 1514 τεταγμένοισι
1756 1436 1947 1509 αὐτῶν,

354 1528 571 1599 ἐπῆσαν
608 1524 895 1583 ἑκάστοισι
932 1522 1219 1601 ἐπιχώριοι
1249 1522 1533 1603 ἡγεμόνες·
1583 1527 1691 1583 τῶν
1729 1524 1850 1603 ἐγώ,
1885 1523 1950 1581 οὗ

352 1611 460 1691 γοῖρ
487 1612 759 1693 οἷναγκαίῃ
785 1612 1080 1692 ’ἐξέργομαι
1108 1616 1162 1673 ἐς
1191 1612 1440 1687 ἱστορίης
1466 1609 1656 1689 λόγον,
1688 1610 1750 1668 οὗ
1776 1636 1950 1685 παρα-

351 1700 654 1778 μέμνημαι·
698 1698 822 1760 οὔτε
846 1700 956 1782 γὰρ
996 1700 1179 1762 ἔθνεος
1218 1697 1454 1758 ἑκάστου
1485 1698 1698 1768 ἐπάξιοι
1722 1698 1870 1773 ἦσαν
1898 1701 1951 1758 οἱ

352 1789 633 1870 ἡγεμόνες,
670 1790 728 1848 ἔν
762 1815 824 1848 τε
861 1790 1026 1848 ἔθνεῖ’
1042 1787 1257 1866 ἑκάστῳ
1297 1787 1533 1863 ὅσαιπερ
1572 1787 1780 1856 πόλιες,
1817 1813 1951 1846 τοσ-

352 1883 505 1938 οῦτοι
551 1878 641 1937 καὶ
689 1878 957 1960 ἡγεμόνες
999 1877 1167 1953 ἦσαν·
1215 1877 1436 1936 εἵποντο
1477 1877 1534 1935 δὲ
1573 1876 1642 1938 ὥς
1678 1875 1742 1935 οὗ
1783 1901 1950 1952 στρα-

350 1968 526 2048 τηγοὶ,
562 1966 692 2026 ἀλλ’
734 1967 923 2043 ὥσπερ
968 1969 1019 2024 οἱ
1062 1965 1233 2024 ἄλλοι
1267 1965 1698 2042 στρατευόμενοι
1739 1965 1948 2022 δοῦλοι·

352 2057 469 2115 ἐπεὶ
516 2056 833 2136 στρατηγοί
872 2081 934 2114 τε
978 2057 1031 2112 οἳ
1076 2053 1142 2112 τό
1185 2059 1298 2112 πᾶν
1343 2055 1559 2132 ἔχοντες
1615 2053 1812 2130 κράτος
1861 2053 1952 2111 καὶ

352 2141 613 2223 ἄρχοντες
664 2148 773 2203 τῶν
828 2143 1025 2202 ἐθνέων
1081 2142 1342 2212 ἑκάστων,
1398 2141 1526 2200 ὅσοι
1575 2141 1753 2200 αὐτῶν
1804 2140 1951 2215 ἦσαν

350 2233 591 2307 Πέρσαι,
622 2231 864 2307 εἰρέαταί
884 2257 1000 2306 μοι.
1070 2237 1182 2288 Τοῦ
1211 2231 1268 2290 δὲ
1298 2235 1552 2289 ναυτικοῦ
1582 2229 1951 2308 ἐστρατήγεον
1969 2227 2042 2288 97

353 2319 411 2376 οἵ
440 2345 482 2376 ε·
522 2319 890 2397 Ἀριαβίγνης
929 2345 990 2377 τε
1034 2319 1063 2376 ὁ
1108 2319 1363 2394 Δαρείου,
1403 2320 1491 2376 καὶ
1527 2316 1877 2394 Πρηξάσπης
1921 2317 1950 2375 ὁ

350 2404 719 2474 Ἀσπαθίνεω,
738 2406 829 2463 καὶ
849 2405 1194 2487 Μεγάβαζος
1217 2407 1248 2464 ὁ
1267 2405 1636 2486 Μεγαβάτεω,
1657 2406 1746 2463 καὶ
1762 2405 1950 2482 Ἀχαι-

351 2494 519 2569 μένης
539 2493 569 2552 ὁ
593 2494 850 2569 Δαρείου·
884 2498 985 2568 τῆς
1004 2497 1104 2568 μὲν
1121 2493 1299 2556 Ἰάδος
1319 2521 1379 2552 τε
1403 2493 1494 2551 καὶ
1512 2499 1764 2570 Καρικῆς
1783 2519 1950 2570 στρα-

351 2585 472 2655 τιῆς
486 2577 869 2662 Ἀριαβίγνης,
898 2581 929 2640 ὁ
961 2582 1198 2657 Δαρείου
1219 2608 1280 2640 τε
1300 2587 1430 2644 παῖς
1453 2583 1542 2640 καὶ
1562 2588 1662 2656 τῆς
1677 2581 1952 2657 Γωβρύεω

354 2667 643 2748 θυγατρός·
714 2669 1030 2750 Αἰγυπτίων
1090 2669 1150 2728 δὲ
1213 2671 1548 2750 ἐστρατήγεε
1599 2669 1948 2747 Ἀχαιμένης,

352 2756 566 2832 Ξέρξεω
600 2756 701 2817 ἐῶν
737 2755 830 2816 ἀπ’
858 2757 1190 2834 ἀμφοτέρων
1223 2757 1515 2833 ἀδελφεός·
1558 2761 1658 2831 τῆς
1685 2757 1744 2814 δὲ
1771 2753 1953 2830 ἄλλης

352 2847 620 2921 στρατιῆς
650 2844 1023 2926 ἐστρατήγεον
1053 2848 1105 2903 οἷ
1134 2844 1252 2904 δύο.
1334 2845 1708 2921 τριηκόντεροι
1746 2843 1820 2910 δὲ,
1861 2843 1952 2901 καὶ

350 2933 787 3009 πέντηκόντεροι,
823 2935 913 2991 καὶ
956 2933 1256 3010 κέρκουροι,
1302 2933 1393 3002 καὶ
1436 2931 1735 3012 ἱππαγωγοὶ
1775 2933 1950 2988 πλοῖα

348 3020 539 3097 μακροὶ
573 3021 917 3081 συνελθόντα
946 3027 999 3084 ἐς
1025 3021 1124 3080 τόν
1153 3021 1389 3099 σ’,ριθμόν
1427 3019 1606 3095 ἐφάνη
1639 3018 1949 3096 τρισχίλια.

344 3112 471 3168 ,Τῶν
511 3110 571 3168 δὲ
611 3109 986 3168 ἐπιπλεόντων
1022 3109 1168 3184 μετά
1201 3135 1269 3188 γε
1304 3109 1430 3169 τούς
1457 3105 1806 3185 στρατηγοῦς
1834 3105 1947 3164 οἵδε
1967 3108 2044 3164 98

348 3195 498 3272 ἦσαν
566 3199 618 3257 οἷ
677 3196 1140 3274 ὀνομαστότατοι·
1213 3196 1470 3260 Σιδώνιος
1524 3193 1950 3269 Τετράμνηστος

346 3285 606 3416 ἰῗῖύσῗέκ
647 3284 739 3345 καὶ
770 3284 968 3362 Τύριος
1002 3282 1217 3360 Μάπην
1253 3282 1519 3360 Σιρώμου,
1565 3281 1658 3340 καὶ
1691 3279 1950 3360 Ἀράδιος
