2259 3500
344 167 440 215 106
922 163 1314 235 ᾖΗΡοΔοτιότ
1677 172 1686 185 ·
1813 162 1940 228 [VI.

344 244 671 321 ἀπικόμενοι
720 248 832 321 πῧρ
863 267 927 302 τε
960 242 1144 303 αἷτεον
1188 243 1280 301 καὶ
1327 241 1790 321 ἐπελαμβάνοντο
1834 249 1947 306 τῶν

346 337 499 391 νεῶν.

255 421 283 478 l
296 420 368 477 14
454 420 571 478 Καὶ
602 422 770 479 τοῦτο
797 420 900 496 μὲν
927 422 985 478 ἐν
1008 416 1184 499 τούτῳ
1219 421 1296 497 τῷ
1330 416 1482 497 πόνῳ
1518 417 1551 479 ὅ
1585 419 1947 499 πολέμαρχος

352 508 728 585 Καλλίμαχος
773 507 1168 583 διαφθείρεται,
1206 505 1346 582 αἶνῆρ
1384 506 1677 587 γενόμενος
1716 506 1939 587 α’γαθός,

346 592 459 654 α’πό
488 594 533 653 δ’
562 595 718 655 ἔθανε
736 598 848 654 τῶν
868 598 1198 675 στρατηγῶν
1218 594 1538 669 Στησίλεως
1565 594 1597 653 ὁ
1618 594 1945 670 Θρασύλεω·

346 686 513 742 τοῦτο
550 682 609 741 δὲ
640 683 1004 763 Κυναίγειρος
1030 680 1062 740 ὁ
1089 680 1448 759 Εὐφορίωνος
1473 682 1724 754 ἐνθαῦτα,
1756 687 1946 741 ἐπιλα-

345 769 591 845 βόμενος
620 774 729 831 τῶν
766 769 1078 845 ἀφλάστων
1114 769 1259 844 νηὸς,
1301 768 1405 844 τήν
1441 772 1605 847 χεῖρα
1645 768 1948 835 ἀποκοπεὶς

345 859 572 917 πελέκεϊ
595 860 804 919 πίπτει·
846 862 1012 917 τοῦτο
1040 857 1101 915 δὲ
1127 856 1298 917 ἄλλοι
1321 855 1629 932 Ἀθηναίων
1654 859 1874 917 πολλοί
1885 885 1947 918 τε

256 947 283 1003 1
294 946 367 1003 15
394 946 485 1006 καὶ
510 946 836 1023 ὀνομαστοί.
884 944 1065 1005 Ἑπτοῖ
1080 947 1184 1022 μὲν
1201 944 1268 1019 δή
1285 948 1395 1005 τῶν
1412 948 1546 1005 νεῶν
1562 944 1948 1022 ἐπεκράτησαν

345 1033 535 1113 τρόπῳ
570 1034 801 1113 τοιούτῳ
835 1032 1143 1108 Ἀθηναῖοι·
1183 1036 1319 1111 τῇσι
1353 1032 1412 1091 δὲ
1442 1035 1682 1110 λοιπῇσι
1715 1036 1769 1092 οἶ
1803 1032 1948 1111 βάρ-

346 1122 521 1197 βαροι
574 1119 1124 1197 ἐξανακρουσάμενοι,
1179 1120 1270 1178 καὶ
1322 1118 1703 1197 ἀναλαβόντες
1745 1126 1806 1179 ἐκ
1847 1126 1949 1197 τῆς

348 1205 527 1281 νήσου
574 1212 632 1267 ἐν
683 1212 754 1287 τῇ
803 1210 997 1267 ἔλιπον
1046 1206 1119 1267 τοὶ
1175 1207 1239 1276 ἐξ
1284 1206 1566 1285 Ἐρετρίης
1612 1207 1946 1285 ἀνδράποδα,

347 1296 694 1371 περιέπλωον
721 1295 951 1359 Σούνιον
974 1293 1319 1371 βουλόμενοι
1357 1296 1569 1371 φθῆναι
1604 1295 1734 1359 τούς
1779 1295 1946 1372 Ἀθη·

350 1383 534 1446 ναίους
584 1382 909 1460 ἀπικόμενοι
950 1387 1006 1447 ἐς
1050 1384 1117 1443 τὸ
1171 1381 1337 1443 ἄστυ·
1397 1384 1544 1459 αἰτίη
1598 1382 1658 1440 δὲ
1711 1384 1846 1462 ἔσχε
1889 1388 1948 1444 ἐν

346 1468 695 1545 Ἀθηναίοισι
723 1472 787 1541 ἐξ
806 1470 1282 1548 Ἀλκμαιωνιδέων
1306 1474 1562 1550 μηχανῆς
1589 1470 1791 1533 αὐτους
1815 1476 1947 1530 ταΰ-

346 1584 418 1635 τα
480 1560 852 1635 ἐπινοηθῆναι·
913 1559 1141 1623 τούτους
1196 1558 1308 1671 γὰρ
1370 1559 1738 1634 συνθεμένους
1793 1563 1947 1619 τοῖσι

350 1646 616 1725 Πέρσῃσι
647 1646 905 1717 ἀναδέξαι
937 1646 1221 1718 οἷσπίδα,’
1196 1650 1352 1705 εοΰσι
1382 1644 1542 1721 ἥδη’
1515 1671 1572 1705 εν
1597 1650 1733 1723 τῇσι
1761 1648 1945 1721 νηυσί.

256 1734 366 1793 116
389 1732 564 1796 Ουτοι
594 1763 697 1814 μεν
723 1735 792 1813 δη
819 1736 1166 1814 περιέπλωον
1198 1734 1448 1799 Σούνιον·
1474 1734 1761 1811 Ἀθηναῖοι
1790 1734 1919 1794 δὲε
1877 1763 1948 1799 ως

344 1823 528 1884 ποδῶν
584 1824 735 1903 εἶχον
787 1823 1032 1902 τάχιστα
1088 1822 1361 1899 ἐβοήθεον
1408 1827 1465 1884 ἐς
1515 1821 1582 1882 τό
1628 1847 1792 1882 αστυ·
1855 1825 1948 1883 καὶ

343 1910 602 1986 ἔφθησάν
626 1936 688 1971 τε
714 1910 1040 1987 ἀπικόμενοι
1059 1911 1192 1987 πρὶν
1209 1909 1246 1985 ἢ
1266 1936 1395 1972 τους
1418 1908 1814 1986 βαρβάρους
1775 1935 1945 1986 ηκειν,

344 1998 436 2056 καὶ
465 1998 1045 2077 ἐστρατοπεδεύσαντο
1073 1997 1369 2078 ἀπιγμένοι
1397 1997 1458 2066 ἐξ
1479 1997 1828 2074 “Ηρακληΐου
1845 2003 1948 2058 τοῦ

340 2089 401 2144 ἐν
426 2087 735 2163 Μαραθῶνι
763 2090 822 2144 ἐν
848 2085 1007 2163 ἄλλῳ
1030 2085 1356 2163 Ἡρακληΐῳ
1381 2088 1458 2164 τῷ
1485 2090 1543 2145 ἐν
1572 2085 1944 2165 Κυνοσάργεϊ.

342 2175 397 2230 οι
444 2172 502 2230 δὲ
550 2171 844 2249 βάρβαροι
888 2177 1024 2250 τῇσι
1073 2173 1238 2248 νηυσὶ
1290 2169 1788 2282 υπεραιωρηθέντες
1834 2180 1946 2232 Φα-

345 2257 541 2335 ληρου,
576 2262 763 2339 (τοῦτο
800 2286 912 2342 γαρ
947 2261 1017 2336 ἦν
1044 2261 1281 2321 ἐπινειον
1305 2260 1435 2321 τότε
1460 2265 1570 2320 τῶν
1594 2259 1944 2341 Ἀθηναιων,)

340 2345 478 2422 υπὲρ
526 2346 724 2406 τούτου
780 2347 1266 2426 ἀνακωχεύσαντες
1310 2348 1410 2413 τοὶς
1457 2352 1590 2424 νῆας
1645 2347 1945 2416 ἀπέπλωον

346 2431 530 2492 ὀπίσω
558 2439 612 2496 ἐς
637 2435 739 2511 τήν
765 2434 985 2511 Ἀσίην.

248 2521 360 2581 117
445 2519 541 2580 Ἐν
575 2521 750 2600 ταύτῃ
784 2528 856 2602 τῇ
892 2529 949 2582 ἐν
982 2524 1289 2600 Μαραθῶνι
1329 2522 1486 2602 μάχῃ
1524 2522 1804 2584 ἀπέθανον
1833 2527 1943 2584 τῶν

335 2607 649 2686 βαρβάρων
680 2610 820 2669 κατοὶ
862 2611 1272 2690 ἑξακισχιλίους
1306 2612 1397 2669 καὶ
1431 2612 1824 2688 τετρακοσίους
1851 2610 1942 2670 ἅν-

341 2695 489 2772 δρας,
542 2695 849 2773 Ἀθηναίων
902 2697 961 2756 δὲ
1015 2697 1212 2757 ἑκατόν
1267 2698 1622 2774 ἐννενήκοντα
1676 2698 1768 2757 καὶ
1823 2697 1940 2757 δύο·

337 2783 542 2844 ἔπεσον
576 2786 679 2861 μὲν
716 2783 1048 2862 οἷμφοτέρων
1084 2789 1368 2844 τοσοῦτοι.
1451 2784 1737 2860 συνήνεικε
1763 2785 1822 2843 δὲ
1848 2784 1940 2844 αὖ·

335 2870 462 2931 τόθι
496 2873 657 2948 θῶμα
692 2872 959 2952 γενέσθαι
991 2870 1223 2930 τοιόνδε·
1264 2871 1561 2948 Ἀθηναῖον
1589 2871 1760 2948 ἄνδρα
1786 2870 1941 2930 Ἐπί-

337 2959 509 3033 ζηλον
539 2958 639 3019 τὸν
676 2957 1060 3039 Κουφαγόρεω
1098 2962 1158 3015 ἐν
1191 2962 1263 3036 τῇ
1304 2958 1585 3018 συστάσει
1619 2958 1941 3038 μαχόμενόν

334 3071 397 3103 τε
427 3047 518 3104 καὶ
544 3044 715 3123 ἄνδρα
744 3045 1038 3127 γινόμενον
1071 3043 1283 3125 οἷγαθόν
1317 3050 1426 3106 τῶν
1452 3045 1715 3123 ὀμμάτων
1742 3071 1939 3122 στερη·
1970 3058 1976 3065 ’

335 3133 514 3206 θῆναι,
548 3132 674 3193 οὔτε
710 3133 999 3214 πληγέντα
1032 3131 1189 3191 οὐδὲν
1213 3136 1315 3192 τοῦ
1342 3133 1603 3210 σώματος
1638 3130 1764 3191 οὔτε
1789 3133 1938 3207 βλη-

334 3218 520 3278 θέντα·
553 3220 645 3279 καὶ
670 3222 735 3282 vd
762 3217 965 3279 λοιπόν
991 3222 1091 3294 τῆς
1116 3217 1246 3295 ζόης
1273 3220 1573 3280 διατελέειν
1597 3219 1712 3277 ‹in-<3
1739 3219 1938 3277 τούτου

333 3307 435 3362 τοῦ
458 3305 664 3383 χρόνου
692 3307 853 3368 ἐόντα
886 3305 1126 3381 τυφλόν.
1197 3308 1384 3387 λέγειν
1409 3308 1469 3366 δὲ
1487 3305 1660 3365 αὐτᾶν
1683 3304 1811 3381 περὶ
1835 3307 1937 3363 τοῦ
