2259 3500
312 113 408 161 218
928 104 1299 155 ‘HPOAOTOT
1888 138 1903 154 ·

212 188 328 249 237
346 186 414 247 τό
452 184 666 262 παρεόν
701 188 898 261 τρῶμα
931 181 1257 243 άνιεῦνται.”
1338 172 1671 259 Ἀμείβεται
1697 181 1910 259 Ξέρξης

307 274 518 335 τοῖσδε·
567 282 602 306 “
616 271 960 350 Ἀχαίμενες,
989 268 1049 329 εῧ
1089 272 1155 329 τέ
1191 296 1291 347 μοι
1330 270 1535 333 δοκέεις
1569 270 1773 349 λέγειν,
1818 272 1911 330 καὶ

307 362 528 437 ποιήσω
563 364 759 420 ταῦτα.
843 358 1178 435 Δημάρητος
1203 359 1262 417 δὲ
1288 358 1444 438 λέγει
1478 359 1581 433 μὲν
1604 356 1678 417 τοὶ
1704 357 1909 434 ἄριστα

312 451 541 509 ἔλπεται
574 446 712 509 εἶναι
742 448 882 525 ἐμοὶ,
911 446 1104 527 γνώμῃ
1134 447 1327 523 μέντοι
1352 450 1622 505 ἑσσοῦται
1648 444 1758 505 ὖπὸ
1784 450 1909 505 σεῦ·

312 536 378 597 οὖ
404 537 514 618 γοῖρ
543 536 611 612 δὴ
639 533 786 596 κεῖνό
810 560 877 614 γε
903 534 1207 611 ἐνδέξομαι,
1236 532 1374 597 ὅκως
1388 532 1502 593 ὀὐκ
1530 532 1733 593 εὖνοέει
1756 536 1911 593 τοῖσι

311 629 501 702 ἐμοῖσι
535 624 848 703 πρήγμασι,
874 622 1034 683 τοῖσί
1063 648 1126 681 τε
1157 622 1518 701 λεγομένοισι
1551 620 1824 699 πρότερον
1848 624 1911 681 ἐκ

309 713 509 773 τούτου
541 709 958 787 σταθμώμενος,
985 710 1080 769 καὶ
1101 713 1180 788 τῷ
1208 709 1369 778 ἐόντι,
1396 707 1485 769 ὅτι
1509 708 1783 785 πολιήτης
1807 710 1911 785 μὲν

311 800 555 880 πολιήτῃ
575 798 635 859 εὖ
653 798 974 876 πρήσσοντι
999 798 1243 874 φθονέει,
1272 796 1365 855 καὶ
1390 796 1516 856 ἔστι
1538 796 1819 873 δυσμενὴς
1836 800 1911 876 τῇ

311 892 470 969 σιγῇ·
499 885 673 948 οὐδ’*
639 913 724 957 αν,
745 886 1281 963 συμβουλευομένου
1298 887 1399 945 τοῦ
1420 882 1617 954 ‹iou-013,
1637 883 1906 959 πολιήτης

310 975 451 1055 οἷνηρ
486 976 558 1037 τοὶ
587 974 794 1053 ἄριστά
829 978 883 1034 οἱ
923 975 1187 1034 δοκέοντα
1218 973 1357 1035 εἶναι
1388 972 1703 1043 ὑποθέοιτο,
1743 976 1791 1031 εἶ
1828 972 1911 1048 μὴ

310 1065 508 1141 πρόσω
546 1062 746 1140 άρετῆς
785 1060 998 1137 ἀνήκοι·
1039 1062 1265 1123 σπάνιοι
1310 1060 1358 1120 δ’
1398 1060 1510 1121 εισὶ
1551 1086 1606 1120 οι
1642 1062 1908 1120 τοιοῦτοι·

311 1152 488 1220 ξεῖνος
541 1151 602 1210 δὲ
655 1151 809 1229 ξείνω
853 1148 911 1209 εὖ
954 1150 1281 1227 πρήσσοντί
1329 1153 1455 1209 ἐστι
1509 1146 1911 1226 εὐμενέστατον

310 1239 547 1308 πάντων,
584 1238 1118 1314 συμβουλευομένου
1148 1264 1211 1299 τε
1245 1236 1314 1297 ἂν
1350 1236 1803 1313 συμβουλεύσειε
1836 1234 1911 1297 ταῖ

311 1326 535 1402 ἄριστα·
570 1324 714 1385 οὕτω
735 1324 815 1385 ὧν
842 1326 1177 1406 κακολογίης
1196 1326 1324 1402 πέρι
1349 1328 1451 1401 τῆς
1476 1330 1532 1387 ἐς
1554 1323 1908 1401 Δημάρητον,

313 1413 498 1477 ἐόντος
522 1414 648 1491 ἐμοὶ
673 1413 868 1484 ξείνου,
898 1414 1135 1491 ἔχεσθαί
1152 1440 1278 1473 τινα
1296 1417 1398 1473 τοῦ
1424 1416 1631 1472 λοιποῦ
1657 1410 1911 1472 κελεύω.”

215 1504 333 1561 238
415 1506 603 1561 Ταῦτα
635 1502 792 1563 εἴπας
825 1501 1037 1577 Ξέρξης
1063 1500 1267 1577 διεξήῖε
1302 1500 1394 1560 διὰ
1418 1504 1529 1561 τῶν
1554 1504 1776 1578 νεκρῶν·
1818 1500 1917 1559 καὶ·

309 1591 605 1661 Λεωνίδεω,
633 1589 881 1666 ἀκηκοώς
908 1588 994 1651 ὅτι
1009 1589 1289 1666 βασιλεύς
1312 1615 1373 1649 τε
1398 1587 1469 1665 ἦν
1485 1588 1578 1647 καὶ
1596 1588 1911 1669 στρατηγὸς

309 1679 774 1756 Λακεδαιμονίων,
804 1678 1064 1737 ἐκέλευσε
1101 1677 1491 1756 ἀποταμόντας
1523 1676 1627 1752 τὴν
1654 1674 1911 1752 κεφαλήν

310 1767 760 1845 ἀνασταυρῶσαι.
804 1766 952 1842 δῆλά
975 1792 1076 1842 μοι
1106 1769 1384 1825 πολλοῖσι
1414 1767 1519 1843 μὲν
1553 1765 1645 1822 καὶ
1676 1763 1909 1824 ἄλλοισι

310 1857 678 1934 τεκμηρίοισι,
708 1859 766 1922 ἐν
791 1854 851 1913 δὲ
878 1853 948 1929 δή
966 1854 1058 1912 καὶ
1083 1854 1220 1931 τῷδε
1246 1853 1347 1912 οὐκ
1362 1853 1569 1929 ἥκιστα
1591 1852 1803 1932 γέγονε,
1825 1851 1910 1912 ὅτι

306 1942 592 2020 βασιλεῦς
607 1941 819 2018 Ξέρξης
833 1940 1053 2000 πάντων
1069 1941 1138 2016 δὴ
1158 1939 1414 2017 μάλιστα
1428 1939 1639 2017 ἀνδρῶν
1656 1939 1911 2016 ἐθυμώθη

311 2029 504 2100 ζώοντι
529 2028 794 2106 Λεωνίδῃ·
837 2027 902 2087 οὐ
928 2027 1040 2108 γοῖρ
1067 2027 1137 2088 ἅν
1163 2053 1289 2088 κοτε
1316 2033 1372 2090 ἐς
1396 2027 1495 2088 τὸν
1519 2025 1714 2104 νεκρὰν
1733 2031 1911 2087 ταῦτα

309 2117 685 2195 παρενόμησε·
729 2117 849 2174 ἐπεὶ
873 2120 1042 2191 τιμᾶν
1065 2115 1323 2192 μάλιστα
1360 2115 1650 2192 νομίζουσι
1674 2119 1783 2174 τῶν
1804 2109 1912 2194 ἐγῶ

311 2204 436 2263 οἶδα
469 2203 771 2280 ἀνθρώπων
796 2203 1020 2280 Πέρσαι
1045 2203 1247 2280 ,ἄνδρας
1278 2202 1523 2284 άγαθοῦς
1544 2201 1617 2262 τοὶ
1642 2201 1909 2278 πόλεμια.

311 2295 365 2350 οἱ
389 2293 493 2367 μὲν
521 2290 587 2366 δὴ
615 2295 791 2351 ταῦτα
811 2292 1027 2350 ἐποίευν
1052 2295 1207 2350 τοῖσι
1234 2292 1563 2351 ἐπετέτακτο
1588 2291 1809 2350 ποιέειν.

216 2382 330 2438 239
406 2377 628 2455 ”Ανειμι
655 2379 714 2438 δὲ
740 2381 920 2438 ἐκεῖσε
953 2382 1054 2438 τοῦ
1089 2376 1283 2459 λόγου,
1311 2382 1384 2458 τῇ
1413 2403 1513 2456 μοι
1544 2378 1610 2438 τό
1640 2376 1912 2454 πρότερον

314 2466 554 2535 ἐξέλιπε.
664 2465 934 2526 ἐπύθοντο
992 2465 1425 2543 Λακεδαιμόνιοι
1486 2464 1573 2526 ὅτι
1630 2463 1915 2540 βασιλεῦς

311 2555 614 2614 στέλλοιτο
656 2554 748 2613 ἐπὶ
785 2553 890 2630 τήν
923 2553 1193 2623 Ἑλλάδα,
1237 2558 1467 2630 πρῶτοι·
1526 2553 1619 2611 καὶ
1662 2549 1803 2612 οὕτω
1843 2549 1912 2626 δή

311 2645 367 2706 ἐς
391 2668 457 2702 το
482 2640 828 2720 χρηστήριον
852 2641 918 2702 τό
947 2646 1003 2704 ἐς
1030 2639 1297 2717 Δελφους
1316 2641 1669 2720 απέπεμψαν,
1692 2640 1825 2700 ἔνθα
1843 2637 1913 2714 δή

310 2737 425 2807 σφι
461 2729 714 2809 ἐχρήσθη
739 2728 810 2790 τά
837 2727 1012 2809 σ’λίγω
1037 2727 1311 2806 πρότερον
1338 2728 1513 2788 εἶπον·
1555 2726 1825 2788 ἐπύθοντο
1852 2726 1913 2785 δὲ

308 2817 496 2897 τρόπω
513 2819 797 2897 θωμασιω·
827 2816 1163 2894 Δημάρητος
1180 2843 1292 2896 γαρ
1313 2815 1345 2876 ὅ
1363 2815 1699 2894 Ἀρίστωνος
1716 2813 1912 2895 φυγων

313 2910 368 2968 ἐς
393 2905 638 2981 Μήδους,
667 2931 738 2968 ως
762 2909 867 2982 μὲν
894 2903 1002 2985 ἐγω
1029 2905 1198 2963 δοκέω
1226 2903 1317 2962 καὶ
1342 2903 1408 2964 τό
1435 2929 1582 2967 οικος
1609 2904 1733 2980 ἐμοὶ
1769 2929 1911 2979 συμ-

309 2992 564 3070 μάχεται,
595 2992 694 3053 οὗκ
720 2991 790 3069 ἦν
815 2992 1001 3056 εὔνοος
1025 2991 1534 3068 Λακεδαιμονίοισι·
1576 2990 1816 3068 πάρεστι
1852 2990 1913 3048 δὲ

316 3080 564 3154 εἰκάζειν,
607 3082 715 3141 εἴτε
756 3079 938 3160 εὐνοίῃ
976 3084 1153 3140 ταῦτα
1195 3080 1425 3156 ἐποίησε
1466 3080 1574 3138 εἴτε
1615 3079 1707 3136 καὶ
1748 3103 1912 3136 κατα-

309 3168 537 3243 χαίρων·
577 3170 701 3228 ἐπεί
729 3195 791 3229 τε
821 3169 932 3250 γὰρ
968 3167 1151 3246 Ξέρξῃ
1183 3168 1334 3237 ἔδοξε
1360 3167 1794 3242 στρατηλατέειν
1821 3165 1912 3224 ἐπὶ

311 3250 416 3326 τὴν
459 3253 728 3328 Ἑλλάδα,
773 3255 877 3316 ἐών
919 3261 978 3316 ἐν
1024 3254 1302 3319 Σούσοισι
1343 3253 1375 3312 ὁ
1431 3252 1767 3330 Δημάρητος
1816 3250 1912 3313 καὶ
