2259 3500
319 89 415 139 298
929 83 1294 132 ἮΡοΔοτοτ
1792 81 1919 148 [IX.

322 167 497 245 φέρον
550 166 620 229 τό
677 166 995 242 Τισαμενοῦ
1045 161 1332 241 μαντήϊον,
1386 163 1576 242 μισθῷ
1627 166 1923 240 ἐπειρῶντο

321 256 612 316 πείσαντες
666 250 981 329 Τισαμενὸν
1020 251 1313 311 ποιέεσθαι
1353 250 1470 328 ἅμα
1514 251 1925 328 Ἡρακλειδέων

321 345 474 402 τοῖσι
507 340 828 417 βασιλεῦσι
859 339 1108 420 ἧγεμόνα
1139 343 1250 399 τῶν
1285 341 1565 415 πολέμων·
1608 338 1641 398 ὅ
1668 340 1728 398 δὲ
1754 339 1926 417 ὁρέων

323 429 450 505 περὶ
491 431 714 488 πολλοῦ
761 419 1116 504 ποιευμένους
1159 426 1511 504 Σπαρτιήτας
1547 429 1722 502 φίλον
1757 427 1926 488 αὖτὸν

324 518 695 594 προσθέσθαι,
736 515 928 595 μαθῶν
967 519 1137 577 τοῦτο
1178 515 1424 592 οἷνετίμα,
1468 516 1755 591 σημαίνων
1792 522 1924 592 σφι,

325 604 397 668 ὥς
420 602 488 681 ἥν
513 631 610 682 μιν
639 604 917 681 πολιήτην
951 605 1231 681 σφέτερον
1266 601 1608 678 ποιήσωνται
1641 607 1753 664 τῶν
1791 629 1927 664 παν-

327 719 434 752 των
473 692 870 780 μεταδιδόντες,
913 691 1167 800 roffio-et..-
1178 695 1373 751 ταῦτα·
1416 690 1500 750 ἐπ’
1540 690 1701 770 ἄλλῳ
1740 693 1929 770 μισθῶ

328 780 375 841 δ’
417 781 500 842 οὔ·
543 767 889 860 Σπαρτιῆται
931 781 1006 850 δὲ,
1044 784 1238 857 πρῶτα
1274 783 1378 857 μὲν
1407 779 1743 842 ἀκούσαντες
1778 780 1927 839 δεινᾶ

329 874 627 942 ἐποιεῦντο,
657 871 748 930 καὶ
774 870 1038 946 μετίεσαν
1073 873 1175 945 τῆς
1210 867 1611 948 χρησμοσύνης
1646 867 1713 927 vd
1752 867 1929 945 παρά-

330 985 460 1018 παν·
499 959 664 1020 τέλος
690 958 765 1026 δὲ,
793 956 1050 1033 δείματος
1079 955 1333 1037 μεγᾶλου
1370 956 1806 1034 ἐπικρεμαμένου
1830 959 1930 1016 τοῦ

331 1050 618 1123 Περσικοῦ
643 1045 841 1106 τούτου
869 1044 1301 1122 στρατεύματος,
1324 1045 1608 1103 καταίνεον
1632 1043 1929 1120 μετιόντες·

332 1133 364 1193 ὁ
401 1134 461 1191 δὲ
494 1132 659 1213 γνοῦς
688 1132 1094 1208 τετραμμένους
1136 1132 1335 1206 σφέας,
1380 1130 1489 1191 οὐδ’
1528 1130 1669 1190 οὕτω
1707 1132 1934 1207 ἔφηέτι

331 1219 630 1298 ἀρκέεσθαι
659 1219 911 1279 τούτοισι
944 1218 1221 1295 μούνοισι,
1250 1218 1406 1278 ἀλλὰ
1442 1218 1555 1278 δεῖν
1592 1219 1672 1278 ἔτι
1708 1220 1800 1278 καὶ
1832 1219 1934 1281 τᾶν

331 1307 612 1383 ἀδελφεον
661 1310 859 1367 ἑωυτοῦ
905 1306 1108 1387 Ἡγίην
1150 1307 1408 1388 γίνεσθαι
1444 1306 1800 1383 Σπαρτιήτην
1842 1308 1935 1366 ἐπὶ

332 1399 486 1457 τοῖσι
539 1395 761 1456 αυτοῖσι
823 1395 1052 1476 λόγοισι
1111 1399 1269 1456 τοῖσι
1327 1395 1419 1453 καὶ
1477 1419 1642 1458 αυτος
1705 1396 1935 1476 γίνεται.

240 1486 318 1545 34
334 1487 522 1544 Ταῦτα
577 1485 636 1544 δὲ
681 1484 873 1566 λέγων
916 1510 1074 1548 ουτος
1128 1484 1384 1562 ἐμιμέετο
1438 1483 1814 1561 Μελάμποδα,
1864 1484 1937 1549 ὥς

336 1573 554 1633 εῑκασαι
579 1573 894 1650 βασιληιην
918 1598 981 1633 τε
1007 1572 1100 1631 καὶ
1123 1572 1440 1648 πολιτηιην,
1470 1569 1803 1647 αἰτεόμενος·
1845 1573 1938 1632 καὶ

333 1661 444 1742 γὰρ
497 1661 567 1738 δὴ
624 1662 716 1721 καὶ
763 1661 1130 1738 Μελάμπους,
1178 1663 1287 1720 τῶν
1334 1665 1393 1719 ἐν
1426 1658 1626 1739 Ἀργεῖ
1669 1663 1939 1740 γυναικῶν

333 1752 658 1828 μανεισέων,
689 1749 758 1814 ὥς
784 1776 881 1828 μιν
915 1754 971 1810 οἱ
1002 1747 1250 1831 Ἀργεῖοι
1287 1748 1621 1825 ἐμισθοῦντο
1653 1753 1714 1807 ἐκ
1740 1748 1939 1809 Πύλου

334 1843 554 1899 παῦσαι
588 1838 689 1902 τσῖς
721 1840 1002 1915 σφετέρας
1042 1841 1305 1919 γυναῖκας
1337 1840 1438 1913 τῆς
1470 1836 1691 1906 νούσου,
1732 1836 1940 1913 μισθὸν

338 1923 692 2005 προετείνατο
725 1931 825 2002 τῆς
865 1926 1177 2001 βασιληίης
1213 1925 1281 1984 τό
1322 1923 1523 2001 ἥμισυ·
1566 1923 1668 1983 οὐκ
1698 1924 1938 2003 σῖνασχο-

337 2016 516 2092 μένων
543 2014 602 2073 δὲ
633 2018 742 2073 τῶν
768 2012 1032 2094 Ἀργείων
1063 2012 1195 2070 ἀλλ’
1232 2012 1520 2082 ἀπιόντων,
1551 2012 1623 2076 ὦς
1654 2014 1941 2089 ἐμαίνοντο

339 2106 538 2180 πολλῷ
578 2104 812 2163 πλεῦνες
850 2102 962 2159 τῶν
999 2104 1288 2180 γυναικῶν,
1323 2099 1465 2159 οὕτω
1497 2100 1565 2177 δὴ
1600 2099 1943 2165 ὑποστάντες

339 2188 412 2248 ταῖ
464 2187 497 2247 ὅ
551 2185 902 2262 Μελάμπους
945 2188 1308 2264 προετείνετο,
1356 2186 1527 2263 ἥῖσαν
1575 2188 1845 2251 δώσοντές
1885 2191 1941 2247 οἶ

340 2279 533 2335 ταῦτα·
577 2273 608 2333 ὁ
652 2273 712 2332 δὲ
756 2276 990 2335 ἐνθαῦτα
1034 2275 1101 2351 δὴ
1154 2276 1488 2356 ἐπορέγεται,
1532 2276 1700 2353 ὁρέων
1746 2274 1945 2339 αὐτοῦς

341 2363 764 2439 τετραμμένους,
807 2363 934 2439 φοῖς,
981 2362 1050 2440 ἣν
1088 2363 1171 2442 μή
1215 2364 1305 2422 καὶ
1345 2368 1422 2443 τῷ
1460 2363 1719 2442 αἶδελφεῷ
1750 2364 1945 2423 Βίαντι

340 2450 622 2528 μεταδῶσι
646 2449 715 2511 τὸ
739 2451 1097 2528 τριτημόριον
1121 2456 1223 2527 τῆς
1247 2452 1575 2528 βασιληΐης,
1599 2450 1663 2511 οὗ
1689 2450 1947 2526 ποιήσειν

341 2537 413 2599 τοὶ
447 2537 774 2614 βούλονται·
817 2542 872 2599 οἱ
907 2539 967 2598 δὲ
991 2538 1254 2620 Ἀργεῖοι,
1291 2538 1681 2615 ἀπειληθέντες
1717 2543 1773 2601 ἐς
1799 2562 1946 2597 στει-

252 2632 326 2689 35
343 2626 454 2695 νὸν,
484 2628 835 2688 καταινέουσι
861 2628 955 2685 καὶ
980 2632 1170 2687 ταῦτα.
1254 2626 1352 2689 Ὡς
1376 2626 1437 2686 δὲ
1464 2628 1555 2686 καὶ
1583 2629 1944 2703 Σπαρτιῆται,

346 2714 560 2774 ἐδέοντο
591 2714 702 2796 γοῖρ
738 2714 922 2777 δεινῶς
952 2718 1054 2774 τοῦ
1090 2719 1427 2792 Τισαμενοῦ,
1456 2714 1673 2777 πάντως
1708 2712 1948 2791 συνεχώ-

343 2801 470 2877 ρεόν
499 2804 569 2861 οἱ·
613 2800 1097 2882 συγχωρησάντων
1123 2802 1183 2861 δὲ
1212 2803 1301 2861 καὶ
1326 2806 1501 2861 ταῦτα
1534 2807 1643 2861 τῶν
1671 2803 1947 2879 Σπαρτιη-

348 2888 500 2958 τέων,
529 2888 670 2947 οὕτω
696 2888 764 2963 δὴ
790 2888 955 2948 πέντε
992 2895 1105 2964 σφι
1140 2889 1543 2966 μαντευόμενος
1581 2888 1797 2969 ἀγῶνας
1821 2888 1949 2951 τοῦς

345 2976 644 3055 μεγίστους
671 2976 983 3053 Τισαμενὸς
1009 2976 1040 3036 ὁ
1071 2976 1315 3047 Ἠλεῖος,
1342 2976 1639 3057 γενόμενος
1671 2975 1951 3053 Σπαρτιή-

342 3086 458 3137 της,
497 3064 899 3143 συγκαταιρέει·
942 3066 1141 3139 μοῦνοι
1181 3062 1241 3120 δὲ
1280 3061 1349 3137 δή
1390 3062 1610 3124 πάντων
1649 3062 1953 3140 ἀνθρώπων

346 3147 600 3225 ἐγένοντο
631 3147 786 3209 οὗτοι
819 3148 1209 3228 Σπαρτιήτῃσι
1240 3153 1520 3226 πολιῆται.
1603 3154 1657 3211 οἶ
1692 3151 1752 3209 δὲ
1786 3150 1954 3210 πέντε

347 3230 553 3323 α’,γῶνες
583 3230 698 3293 οἵδε
742 3235 1014 3313 ἐγένοντο·
1058 3234 1137 3296 εἷς
1172 3238 1277 3311 μὲν
1314 3237 1407 3295 καὶ
1440 3240 1675 3313 πρῶτος,
1720 3235 1883 3303 οὗτος
1918 3236 1971 3297 ὁ.
