2259 3500
340 128 620 193 184—187]
962 126 1334 177 nom-mum.
1848 128 1933 180 197

337 209 582 285 ποιήσας
624 207 948 284 δισμυρίους
985 206 1205 283 ἄνδρας.
1289 208 1381 265 καὶ
1423 206 1493 283 δὴ
1534 206 1601 267 τό
1634 232 1698 267 τε
1734 210 1795 266 ἐκ
1828 210 1941 267 nav

338 301 472 358 νειῖν
524 297 617 354 καὶ
668 300 768 355 τοῦ
814 296 982 365 πεζοῦ
1027 296 1246 369 πλῆθος
1293 295 1685 372 συντιθέμενον
1728 296 1941 377 γίνεται

341 382 624 460 διηκόσιαί
659 408 720 441 τε
762 381 1021 459 μυριάδες
1065 381 1156 439 καὶ
1198 382 1493 457 τριήκοντα
1540 384 1631 441 καὶ
1674 383 1794 460 μία,
1846 384 1939 442 καὶ

338 470 494 548 πρὸς,
531 469 783 550 χιλιάδες
823 469 962 529 ἔπτὰ
999 468 1089 527 καὶ
1135 468 1487 532 ἑκατοντάδες
1530 470 1591 539 ἓξ
1632 471 1723 529 καὶ
1758 469 1939 535 δεκάς.

337 564 503 618 τοῦτο
545 561 648 635 μὲν
688 558 754 618 τὸ
805 557 867 628 ἐξ
911 556 1080 633 αὐτῆς
1117 560 1220 632 τῆς
1255 555 1453 631 Ἀσίης
1496 558 1815 635 στράτευμα
1856 558 1939 629 ἐξ·

341 648 580 725 αναχθὲν
608 647 834 723 εἴρηται,
861 644 990 705 ἄνευ
1015 670 1076 705 τε
1101 648 1205 719 τῆς
1230 643 1529 719 θεραπηΐης
1554 648 1653 719 τῆς
1672 646 1941 722 ἑπομένης

343 734 434 790 καὶ
469 738 578 793 τῶν
613 737 940 812 σιταγωγῶν
972 732 1203 801 πλοίων,
1232 730 1323 789 καὶ
1360 729 1487 789 ὅσοι
1525 731 1785 791 ἐνέπλεον
1816 734 1941 793 τού-

340 845 511 879 τοισι.
592 820 660 879 τό
695 820 754 878 δὲ
791 820 861 895 δη
895 824 956 878 ἐκ
987 825 1088 895 τῆς
1121 816 1395 894 Εὖρωπης
1426 816 1699 898 ἀγόμενον
1729 819 1899 896 στρά-
1919 824 2035 883 185

342 932 516 983 τευμα
547 909 626 967 ἔτι
663 908 1091 987 προσλογιστέα
1126 906 1303 985 τούτῳ
1333 906 1500 965 παντὶ
1534 908 1611 983 τῷ
1646 905 1939 983 ἐξηριθμη-

340 996 504 1074 μένῳ·
553 994 784 1070 δόκησιν
826 994 885 1053 δὲ
929 994 1014 1053 δεῖ
1053 994 1257 1075 λέγειν·
1306 994 1430 1056 νέας
1470 991 1573 1069 μέν
1609 1018 1705 1052 νυν
1740 996 1794 1052 οἶ
1828 992 1940 1055 ‹in-6

339 1082 583 1159 Θρηίκης
639 1081 934 1158 Ελληνες,
990 1082 1080 1141 καὶ
1140 1088 1200 1141 ἐκ
1252 1085 1363 1141 τῶν
1421 1080 1607 1156 νήσων
1664 1084 1774 1139 τῶν
1826 1084 1943 1140 ε’πι-

343 1171 600 1246 κειμένων
641 1174 713 1249 τῇ
749 1172 978 1248 Θρηίκῃ,
1012 1171 1348 1247 παρείχοντο
1382 1168 1561 1228 εἴκοσι
1599 1168 1691 1227 καὶ
1728 1168 1941 1229 ἑκατόν·

343 1260 402 1314 ἐκ
430 1259 534 1333 μέν
563 1283 658 1317 νυν
691 1258 926 1318 τουτέων
960 1260 1070 1317 τῶν
1102 1262 1239 1317 νεῶν
1274 1256 1465 1333 ἄνδρες
1498 1257 1941 1341 τετρακισχίλιοι

343 1345 434 1401 καὶ
460 1344 740 1421 δισμύριοι
764 1346 1030 1425 γίνονται.
1081 1346 1250 1414 πεζοῦ
1276 1344 1351 1413 δὲ,
1371 1344 1470 1403 τόν
1496 1344 1729 1420 Θρήϊκες
1752 1345 1941 1421 παρεί-

340 1456 525 1509 χοντο,
549 1432 641 1489 καὶ
668 1433 922 1501 Παίονες,
948 1432 1040 1489 καὶ
1063 1430 1302 1507 Ἐορδοὶ,
1326 1431 1419 1488 καὶ
1439 1434 1739 1499 Βοττιαῖοι,
1762 1431 1853 1489 καὶ
1870 1430 1939 1493 τὰ

341 1518 680 1579 Χαλκιδικὸν
705 1520 880 1598 γένος,
910 1519 1002 1577 καὶ
1027 1519 1254 1598 Βρύγοι,
1278 1519 1369 1577 καὶ
1396 1520 1610 1594 Πίερες,
1630 1518 1722 1575 καὶ
1749 1524 1939 1578 Μακε-

342 1603 506 1673 δόνες,
536 1606 628 1663 καὶ
654 1607 988 1683 Περραιβοὶ,
1019 1606 1110 1664 καὶ
1135 1605 1411 1680 Ἐνιῆνες
1425 1606 1516 1665 καὶ
1543 1606 1816 1675 Δόλοπες,
1847 1608 1938 1667 καὶ

342 1691 652 1773 Μάγνητες,
665 1693 756 1751 καὶ
773 1691 1011 1772 Ἀχαιοὶ,
1031 1693 1120 1752 καὶ
1134 1692 1267 1753 ’ὅσοι
1280 1696 1379 1768 τῆς
1388 1692 1630 1771 Θρηίκης
1644 1692 1749 1769 τὴν
1761 1708 1937 1773 παραὲ-

340 1781 470 1855 λίην
504 1781 778 1857 νέμονται,
803 1781 1010 1840 τούτων
1044 1786 1156 1841 τῶν
1190 1781 1387 1840 ἐθνέων
1417 1780 1713 1857 τριήκοντα
1747 1781 1940 1858 μυριά-

341 1867 438 1931 δας
481 1869 650 1927 δοκέω
690 1869 971 1948 γενέσθαι·
1011 1858 1175 1928 αὗται
1202 1866 1292 1929 ,ὧν
1334 1871 1392 1927 αἱ
1432 1866 1691 1945 μυριάδες
1725 1868 1939 1948 κείνῃσι

340 1956 740 2033 προστεθεῖσαι
769 1961 906 2036 τῇσι
938 1961 998 2019 ἐκ
1028 1960 1130 2031 τῆς
1164 1955 1363 2032 Ἀσίης
1392 1957 1641 2037 γίνονται
1672 1959 1731 2016 αἱ
1756 1959 1939 2017 πὰἶσαι

340 2043 550 2120 άνδρῶν
579 2047 638 2102 αἱ
666 2043 908 2122 μάχιμοι
941 2043 1201 2121 μυριάδες
1238 2044 1519 2119 διηκόσιαι
1553 2043 1647 2102 καὶ
1673 2043 1939 2119 ἐξήκοντα

341 2132 431 2189 καὶ
460 2131 737 2207 τέσσερες,
782 2133 962 2191 ἔπεισι
1001 2132 1060 2190 δὲ
1087 2131 1333 2210 ταύτῃσι
1367 2132 1725 2194 ἑκατοντάδες
1760 2133 1937 2193 ἑκκαί-

333 2219 470 2277 δεκα
515 2220 608 2276 καὶ
661 2218 837 2282 δεκάς
919 2222 1033 2278 Τοῦ
1087 2220 1347 2298 μαχίμου
1402 2220 1462 2278 δὲ
1485 2245 1685 2280 τουτου
1713 2217 1897 2284 ἐόντος
1917 2223 2031 2282 186

335 2304 574 2382 ἀριθμον
603 2305 893 2375 τοσούτου,
919 2332 1024 2381 την
1057 2307 1363 2382 θεραπηΐην
1386 2331 1489 2382 την
1518 2308 1789 2384 ἑπομένην
1813 2333 1935 2367 του·

333 2410 506 2462 τοισι,
528 2393 620 2450 καὶ
642 2419 772 2456 τους
797 2397 856 2451 ἐν
880 2397 1032 2453 τοῖσι
1058 2418 1428 2473 σιταγωγοισι
1452 2392 1711 2474 α’,κάτοισι
1730 2393 1936 2465 ἐόντας,

339 2481 429 2538 καὶ
479 2479 648 2557 μάλα
692 2485 752 2539 ἐν
798 2483 952 2540 τοῖσι
1003 2480 1239 2539 αλλοισι
1291 2481 1547 2540 πλοίοισι
1599 2482 1752 2541 τοῖσι
1818 2481 1934 2560 αμα

334 2568 578 2626 πλέουσι
607 2572 679 2646 τῇ
725 2572 980 2646 στρατιῇ,
1016 2566 1245 2630 τούτους
1279 2570 1390 2628 τῶν
1423 2568 1685 2647 μαχίμων
1724 2568 1933 2646 ἀνδρῶν

337 2654 404 2713 οὐ
444 2656 613 2714 δοκέω
657 2655 796 2715 εἶναι
839 2655 1173 2730 ἐλάσσονας,
1218 2654 1372 2714 άλλσὶ
1412 2659 1673 2718 πλεῦνας·
1732 2656 1826 2712 καὶ
1866 2655 1937 2732 δή

333 2748 522 2819 σφεας
559 2744 729 2801 ποιέω
752 2744 910 2806 ἴσους
935 2745 1191 2803 ἐκείνοισι
1221 2743 1374 2812 εἶναι,
1404 2743 1495 2801 καὶ
1524 2741 1649 2801 οὔτε
1675 2734 1932 2822 πλεῦνας,

338 2829 464 2888 οὔτε
516 2829 838 2894 ἐλάσσονας
888 2830 1063 2890 οὐδέν·
1139 2829 1492 2900 ἐξισούμενοι
1534 2829 1593 2887 δὲ
1654 2828 1808 2889 οὗτοι
1841 2835 1935 2910 -τῷ

333 2919 580 2996 μαχίμω,
628 2922 972 2994 ἐκπληροῦσι
1024 2917 1125 2980 ταῖς
1173 2942 1301 2981 ισας
1351 2916 1618 2994 μυριάδιὶς
1674 2916 1933 3023 ἐκείνησι·

337 3003 476 3064 οὕτω
506 3007 872 3080 πεντηκοσίας
901 3031 964 3064 τε
999 3004 1268 3082 μυρῐάδας
1302 3004 1391 3062 καὶ
1428 3003 1607 3062 εἴκοσι
1642 3003 1735 3062 καὶ
1770 3005 1931 3076 οκτω,

338 3093 428 3149 καὶ
452 3091 712 3170 χιλιάδας
736 3096 898 3169 τρεῖς,
929 3119 1020 3150 και
1047 3090 1409 3152 ἑκατοντάδας
1434 3089 1549 3159 δυο,
1578 3116 1671 3149 και
1706 3091 1934 3156 δεκάδας

337 3179 434 3238 δυο
460 3178 731 3254 ανδρῶν”
694 3205 870 3258 ηγαγε
897 3178 1167 3254 Ξέρξης“
1136 3205 1167 3237 ο
1196 3177 1438 3253 Δαρείου
1458 3175 1626 3253 μέχρι
1654 3164 1933 3254 Σηπιάδος

338 3267 437 3392 mi}
455 3266 880 3392 Θερμοπυλέων.
965 3257 1147 3326 Ουτος
1172 3266 1273 3338 μὲν
1308 3262 1375 3337 δή
1406 3266 1506 3321 τοῦ
1543 3263 1891 3332 συνάπαντος
1910 3261 2024 3330 187
