2259 3500
312 112 465 177 6-8]
928 109 1303 167 noAmmA.
1829 114 1914 165 121

308 189 480 250 αὐτοῦ
520 215 760 268 σεμνους
798 189 1020 271 λόγους,
1066 189 1332 272 κατέλεγε
1371 194 1482 251 τῶν
1521 196 1811 271 χρησμῶν·
1860 196 1911 252 εἰ

308 278 413 354 μέν
452 304 507 337 τι
548 277 690 337 ἐνέοι
722 277 971 357 σφάλμα
1013 277 1188 390 φέρον
1223 282 1299 358 τῷ
1338 280 1635 359 βαρβάρῳ,
1673 284 1782 340 τῶν
1813 284 1916 356 μὲν

312 368 469 447 ἔλεγε
524 365 700 426 οὐδέν·
771 396 802 427 ο
858 367 916 426 δὲ
970 394 1042 427 τα
1098 366 1479 445 εὐτυχέστατα
1535 366 1914 447 ἐκλεγόμενος,

313 456 473 535 ἔλεγε
507 452 607 514 τόν
642 480 705 515 τε
729 454 1182 531 Ελλήσποντον,
1213 453 1282 517 ὥς
1309 456 1605 533 ζευχθῆναι
1633 481 1804 533 χρεον
1834 458 1918 533 εἴη

310 541 401 600 ὑπ’
420 540 617 621 άνδρὸς
637 542 891 622 Πέρσεω,
908 542 1013 619 τήν
1038 568 1099 602 τε
1122 544 1320 602 ἔλασιν
1342 542 1718 623 ἐξηγεόμενος.
1759 542 1920 608 οὗτός

310 656 372 689 τε
412 629 480 706 δή
529 630 907 711 χρησμῳδέων
941 630 1345 709 προσεφέρετο,
1391 630 1482 689 καὶ
1521 630 1580 689 οἵ
1617 657 1680 690 τε
1722 638 1920 691 Πεισι-

312 718 606 794 στρατίδαι
633 720 724 779 καὶ
752 722 805 778 οἶ
829 718 1129 778 Ἀλευάδαι
1155 716 1377 800 γνώμας
1405 718 1871 796 ἀποδεικνύμενοι.

391 806 489 869 Ὡς
533 806 593 865 δὲ
629 806 953 890 ἀνεγνώσθη
987 807 1198 885 Ξέρξης
1235 806 1644 883 στρατεύεσθαι
1687 808 1778 867 ἐπὶ
1813 810 1917 885 τήν
1950 810 1982 869 7

312 892 586 965 Ἑλλάδα,
610 897 846 957 ἐνθαῦτα
874 896 1105 976 δευτέρῳ
1122 898 1227 973 μὲν
1255 896 1362 955 ἔτεϊ
1385 922 1530 973 μετα
1554 896 1654 956 τὸν
1683 895 1920 958 θάνατον

312 981 413 1042 τόν
459 984 716 1061 Δαρείου,
764 988 958 1063 πρῶτα
1006 984 1313 1063 στρατηὶην
1360 984 1607 1043 ποιέεται
1655 984 1748 1044 ἐπι
1791 1010 1922 1049 τους

314 1068 690 1135 ἀπεστεῶτας.
758 1071 987 1137 τούτους
1011 1072 1116 1149 μέν
1143 1098 1239 1133 νυν
1265 1071 1807 1152 καταστρεψάμενος,
1826 1073 1919 1132 καὶ

315 1159 599 1241 Αἴγυπτον
631 1186 829 1222 πασαν
866 1160 1090 1221 πολλόν
1131 1159 1468 1239 δουλοτέρην
1492 1159 1737 1237 ποιήσας
1760 1158 1798 1239 ἦ
1826 1161 1918 1221 ἐπὶ

315 1249 554 1324 Δαρείου
592 1246 679 1327 ἦν,
707 1250 988 1329 ἐπιτρέπει
1011 1249 1348 1329 Ἀχαιμένεϊ,
1377 1248 1636 1331 α’δελφεῷ
1659 1252 1763 1327 μὲν
1790 1253 1916 1310 ἑωυ-

313 1340 412 1395 τοῦ
438 1338 677 1414 Δαρείου
715 1337 774 1398 δὲ
810 1337 987 1397 παιδί.
1066 1337 1403 1417 Ἀχαιμένεα
1441 1339 1547 1414 μέν
1576 1364 1672 1398 νυν
1697 1342 1914 1416 ἐπιτρο-

314 1423 553 1483 πεύοντα
587 1424 873 1505 Αἰγύπτου
906 1424 1091 1506 χρόνῳ
1130 1426 1430 1504 μετέπειτα
1464 1426 1737 1502 ἐφόνευσε
1775 1423 1916 1487 Ἰνά-

312 1537 421 1588 ρως
460 1510 491 1570 ὅ
532 1514 905 1594 Ψαμμιτίχου,
949 1512 1089 1591 ἀνὴρ
1130 1514 1334 1589 Λίβυς.
1418 1513 1631 1591 Ξέρξης
1674 1514 1733 1573 δὲ
1770 1512 1916 1593 μετὰ
1944 1517 1982 1573 8

315 1598 600 1679 Αἰγύπτου
640 1600 870 1676 ἅλωσιν,
900 1600 971 1666 ὥς
1003 1602 1208 1677 ἔμελλε
1248 1605 1304 1663 ἐς
1341 1604 1532 1681 χεῖρας
1573 1600 1808 1670 (ἵξεσθαι
1845 1601 1913 1661 τό

314 1683 637 1766 στράτευμα
661 1688 726 1747 vd
754 1690 845 1748 ἐπὶ
870 1689 968 1753 τὰς
992 1687 1250 1766 Ἀθήνας,
1280 1687 1572 1770 σύλλογον
1614 1688 1914 1765 ἐπίκλητον

315 1776 583 1852 Περσέων
620 1779 728 1836 τῶν
768 1776 1011 1856 ἀρίστων
1052 1778 1313 1847 ἐποιέετο,
1344 1777 1434 1836 ἵνα
1471 1775 1694 1858 γνώμας
1723 1802 1786 1835 τε
1811 1775 1914 1836 πύ-

315 1865 479 1940 θηται
504 1865 695 1942 σφέων
722 1865 814 1924 καὶ
840 1865 1004 1928 αὗτὸς
1030 1869 1089 1925 ἐν
1113 1870 1260 1925 πᾶσι
1286 1865 1412 1944 εἴπῃ
1439 1863 1511 1924 τσῖ
1539 1865 1712 1925 θέλει·
1758 1862 1828 1928 ὥς
1855 1863 1914 1924 δὲ

313 1950 753 2031 συνελέχθησαν,
783 1953 937 2022 ἔλεξε
964 1952 1176 2030 Ξέρξης
1203 1951 1355 2014 τάδε·
1398 1963 1434 1988 “
1450 1951 1643 2032 ἅνδρες
1667 1953 1910 2029 Πέρσαι,

314 2039 425 2099 οὔτ’
451 2040 613 2104 αὖτός
654 2040 1049 2121 κατηγήσομαι
1088 2041 1260 2119 νόμον
1298 2039 1509 2101 τόνδε’
1484 2068 1541 2101 εν
1568 2041 1700 2118 υμῖν
1725 2040 1911 2111 τιθεὶς,

313 2127 757 2205 παραδεξάμενός
788 2153 849 2187 τε
886 2127 1035 2208 αυτῷ
1058 2127 1370 2208 χρήσομαι·
1413 2127 1484 2192 ὥς
1509 2129 1618 2234 γὰρ
1649 2127 1756 2209 ἐγῶ
1781 2155 1914 2189 vrvvb

314 2212 550 2289 θάνομαι
576 2218 687 2275 τῶν
710 2216 1125 2295 πρεσβυτέρων,
1154 2215 1370 2293 ουδαμά
1397 2243 1472 2274 κω
1499 2215 1914 2294 ἠτρεμήσαμεν,

315 2301 438 2357 ἐπεί
484 2326 547 2359 τε
598 2301 1001 2379 παρελάβομεν
1046 2303 1151 2379 τὴν
1202 2301 1502 2384 ἡγεμονίην
1552 2303 1716 2379 τήνδε
1760 2331 1914 2382 παρα

314 2385 526 2461 Μήδων
551 2387 743 2467 Κύρου
785 2389 1114 2454 κατελόντος
1132 2389 1477 2498 ζΑστυάγεα·
1521 2391 1676 2451 ἅλλοὶ
1704 2392 1828 2455 θεός
1853 2418 1915 2453 τε

316 2467 457 2533 οὕτω
494 2500 631 2562 αγει,
663 2476 754 2537 καὶ
790 2477 1011 2540 αὖτοῖσι
1050 2477 1188 2557 ημῖν
1227 2479 1422 2538 πολλοὶ
1464 2480 1734 2540 ἐπέπουσι
1769 2506 1912 2558 συμ-

314 2561 545 2637 φέρεται
580 2564 671 2622 ἐπὶ
709 2565 775 2626 τὰ
817 2591 1053 2643 αμεινον.
1138 2566 1210 2627 τὰ
1233 2568 1339 2645 μέν
1368 2593 1464 2628 νυν
1491 2567 1680 2646 Κῦρός
1717 2594 1780 2628 τε
1819 2568 1912 2627 καὶ

314 2649 639 2726 Καμβύσης
684 2653 871 2732 πατήρ
915 2679 977 2713 τε
1025 2652 1160 2732 ἐμος
1206 2659 1441 2733 Δαρεῖος
1494 2656 1912 2736 κατεργάσαντο

314 2737 407 2794 καὶ
443 2740 903 2817 προσεκτήσαντο
940 2743 1113 2814 ἔθνεα,
1145 2743 1569 2821 ἐπισταμένοισι
1613 2741 1671 2802 εὖ
1710 2743 1809 2802 οὖκ
1843 2742 1912 2802 ἅν

310 2849 395 2888 τις
436 2827 614 2907 λέγοι·
662 2829 771 2911 ἐγῶ
814 2830 873 2889 δὲ
915 2830 1039 2891 ἐπεί
1075 2857 1138 2892 τε
1180 2832 1512 2908 παρέλαβον
1551 2831 1650 2892 τὸν
1694 2830 1912 2908 θρόνον,

310 2915 479 2972 τοῦτο
520 2915 859 2994 ἐφρόντιζον,
887 2915 1025 2982 ὅκως
1061 2917 1143 2996 μή
1186 2919 1456 2998 λείψομαι
1490 2923 1602 2980 τῶν
1636 2917 1908 2997 πρότερον

310 3002 618 3079 γενομένων
644 3009 701 3064 ἐν
724 3009 861 3086 τιμῇ
886 3007 1035 3084 τῇδε,
1056 3007 1197 3084 μηδὲ
1220 3005 1449 3066 ἐλάσσω
1474 3005 1912 3085 προσκτήσομαι

310 3086 541 3166 δύναμιν
567 3093 851 3172 Πέρσῃσι.
934 3096 1240 3172 φροντίζων
1281 3095 1341 3154 δὲ
1377 3094 1612 3171 εὖρίσκω
1653 3093 1771 3171 ἅμα
1807 3095 1914 3173 μὲν

310 3176 472 3240 κῦδος
516 3178 653 3257 ἦμῖν
698 3207 761 3241 τε
813 3182 1272 3263 προσγινόμενον,
1321 3183 1509 3262 χώρην
1554 3207 1617 3240 τε
1662 3186 1764 3256 τῆς
1813 3184 1912 3243 νῦν

310 3265 590 3344 ἐκτήμεθα
629 3268 731 3330 οὔκ
752 3269 1064 3348 ,ἐλάσσονα
1099 3269 1224 3329 οὐδὲ
1252 3269 1656 3344 φλαυροτέρην,
1681 3275 1911 3344 παμφο-
