2259 3500
334 155 623 223 1104113]
1016 154 1243 205 EPA'l'ss.
1351 172 1360 181 ·
1840 153 1934 201 105

338 232 501 297 λέων·
540 236 851 295 τελευταῖοι
877 232 990 293 δὲ’
964 233 1294 343 ἐτάσσοντο,
1323 233 1540 311 ἔχοντες
1565 229 1632 292 τὸ
1663 228 1938 307 εὐώνυμον

342 325 519 401 κέρας,
548 323 880 383 Πλαταιέες.
964 320 1076 381 άπο
1103 322 1306 396 ταύτης
1333 319 1442 400 γάρ
1471 324 1584 394 σφι
1608 323 1710 394 τῆς
1734 318 1936 398 μάχης,

343 412 540 474 θυσίας
564 410 871 484 Ἀθηναίων
902 408 1218 491 ἀναγόντων
1255 408 1345 467 καὶ
1379 406 1718 487 πανηγύριας
1754 408 1854 469 τὰς
1881 412 1938 467 ἐν

339 502 477 577 τῇσι
515 497 868 574 πεντετηρίσι
912 496 1222 579 γινομένας,
1263 494 1584 573 κατεύχεται
1625 494 1658 554 ὁ
1701 493 1938 571 κήρυξ
1905 522 1938 555 ο

340 584 635 661 Ἀθηναῖος
674 583 793 661 ἅμα
830 610 891 646 τε
932 582 1284 661 Ἀθηναίοισι
1316 582 1540 664 (λέγων)
1573 583 1830 663 γίνεσθαι
1867 608 1941 641 τα

341 670 527 753 οἷγαθαῖ
570 672 664 730 καὶ
704 676 1080 732 Πλαταιεῦσι.
1162 671 1290 731 τότε
1332 670 1392 729 δὲ
1429 672 1796 746 τασσομένων
1830 673 1940 729 τῶν

341 758 648 835 Ἀθηναίων
688 764 746 820 ἐν
785 764 862 839 τῷ
901 761 1228 839 Μαραθῶνι,
1263 758 1473 839 ἐγίνετο
1507 756 1719 817 τοιόνδε
1752 783 1826 817 τι·
1873 758 1940 817 τὰ

344 846 726 925 στρατόπεδον
774 848 1131 926 ἐξισούμενον
1177 852 1254 927 τῷ
1295 847 1526 925 Μηδικῷ
1565 846 1938 924 στρατοπέδῳ,

342 934 409 995 τὸ
443 937 547 1012 μὲν
579 934 761 1001 αὐτοῦ,
780 937 963 1012 μέσον
1004 936 1214 1017 ἐγίνετο
1249 935 1339 995 ἐπὶ
1379 933 1571 1005 τάξιας
1607 932 1820 1014 ὀλίγας,
1850 934 1941 992 καὶ

332 1022 519 1101 ,ταύτῃ
542 1020 612 1098 ἦν
638 1020 1056 1085 ἀσθενέστατον
1080 1022 1148 1083 τὸ
1178 1021 1575 1099 στρατόπεδον·
1607 1020 1675 1082 τὰ
1701 1020 1762 1081 δὲ
1781 1021 1943 1098 κέρας

344 1110 602 1188 ἑκάτερον
623 1112 825 1188 ἔρρωτο
851 1110 1077 1187 πλήθεΐ.
1131 1109 1230 1174 Ὡς
1248 1110 1312 1169 δέ
1333 1116 1448 1185 σφι
1473 1108 1784 1169 διετέτακτο
1811 1108 1902 1168 καὶ
1923 1110 2036 1167 112

336 1198 415 1279 ,τοὶ
449 1198 678 1279 σφάγια
711 1199 921 1280 ἐγίνετο
959 1197 1123 1268 καλά,
1155 1199 1390 1259 ἐνθαῦτα
1429 1197 1500 1260 ὥς
1531 1197 1848 1273 ἀπείθησαν
1888 1200 1941 1257 οἱ

336 1282 647 1363 .Ἀθηναῖοι,
676 1286 860 1365 δρόμῳ
895 1287 1039 1347 ἵεντο
1068 1292 1123 1349 ἐς
1147 1284 1276 1349 τούς
1311 1286 1659 1363 βαρβάρους·
1698 1284 1848 1361 ἦσαν
1884 1285 1944 1345 δὲ

346 1372 564 1431 στάδιοι
591 1372 692 1433 οὐκ
728 1374 1039 1438 ἐλάσσονες
1063 1373 1130 1435 τό
1155 1374 1486 1452 μεταίχμιον
1511 1372 1690 1433 αὐτῶν
1715 1371 1752 1449 ἦ
1778 1371 1943 1433 ὄκτῶ·

348 1461 405 1517 οἱ
439 1460 499 1519 δὲ
530 1460 755 1537 Πέρσαι
789 1460 1049 1539 ὄρέωντες
1084 1460 1271 1541 δρόμῳ
1312 1461 1565 1524 ἐπιόντας
1603 1459 1942 1537 παρεσκευά-

350 1546 511 1617 ζοντο
552 1548 624 1611 ὥς
666 1548 964 1625 δεξόμενοι·
1020 1551 1224 1625 μανίην
1275 1574 1338 1608 τε
1388 1551 1542 1608 τοῖσι
1593 1547 1942 1623 Ἀθηναίοισι

350 1634 621 1710 ἐπέφερον
648 1636 740 1693 καὶ
775 1634 965 1717 πάγχυ
1002 1630 1278 1714 ὀλεθρίην,
1305 1636 1565 1714 ὁρέωντες
1600 1633 1798 1699 αὐτους
1824 1634 1938 1693 ὀλί-

348 1746 495 1802 γους,
539 1722 630 1781 καὶ
669 1720 895 1787 τούτους
936 1722 1119 1804 δρόμῳ
1161 1724 1563 1805 ἐπειγομένους,
1603 1721 1730 1784 οὔτε
1772 1722 1944 1782 ἵππου

348 1807 709 1888 ὑπαρχούσης
746 1817 859 1887 σφι
892 1811 1029 1872 οὔτε·
1047 1812 1417 1890 τοξευμάτων.
1498 1813 1674 1870 ταῦτα
1708 1811 1813 1886 μέν
1843 1836 1941 1870 νυν

348 1901 402 1958 οῖ
424 1898 717 1976 βάρβαροι
752 1900 1093 1972 κατείκαζον·
1119 1900 1408 1976 Ἀθηναῖοι
1432 1899 1491 1958 δὲ
1519 1899 1642 1958 ἐπεί
1661 1923 1723 1958 τε
1749 1896 1944 1975 ἀθρόοι

346 1985 691 2064 προσέμιξαν
708 1991 861 2046 τοῖσι
878 1986 1252 2064 βαρβάροισι,
1273 1986 1549 2066 ἐμάχοντο
1567 1985 1730 2056 ἀξίως
1748 1985 1944 2067 λόγου·

348 2077 557 2152 πρῶτοι
588 2077 693 2152 μὲν
722 2074 835 2155 γάρ
860 2073 1154 2151 Ἑλλήνων
1185 2074 1421 2145 πάντων,
1446 2078 1557 2134 τῶν
1586 2074 1746 2152 ἡμεῖς
1771 2075 1944 2151 ἴδμεν,

347 2160 531 2242 δρόμῳ
557 2167 612 2224 ἐς
635 2161 941 2239 πολεμίους
960 2162 1290 2240 ἐχρήσαντο,
1319 2166 1528 2240 πρῶτοι
1554 2162 1614 2222 δὲ
1639 2162 1945 2240 ἀνέσχοντο

349 2249 562 2324 ἐσθῆτά
585 2275 650 2309 τε
676 2249 939 2324 Μηδικὴν
968 2249 1226 2326 ὁρέωντες
1253 2251 1344 2309 καὶ
1369 2250 1498 2313 τούς
1523 2249 1722 2326 ἄνδρας
1740 2249 1946 2324 ταύτην

350 2335 705 2411 ἐσθημένους·
738 2335 871 2398 τέως
899 2336 958 2394 δὲ
983 2335 1053 2411 ἦν
1078 2341 1232 2397 τοῖσι
1249 2337 1505 2413 Ἕλλησι
1526 2338 1617 2396 καὶ
1643 2337 1708 2396 τό
1737 2336 1946 2413 οὔνομα

349 2419 417 2479 τό
451 2421 660 2494 Μήδων
696 2421 884 2497 φόβος
915 2421 1174 2483 ἀκοῦσαι.
1257 2426 1608 2503 Μαχομένων
1641 2425 1700 2483 δὲ
1738 2429 1795 2484 ἐν
1829 2429 1906 2504 τῷ
1924 2425 2039 2483 113

349 2509 659 2584 Μαραθῶνι
681 2508 882 2587 χρόνος
916 2512 1123 2591 ἐγίνετο
1149 2512 1386 2576 πολλός·
1429 2513 1521 2571 καὶ
1545 2511 1612 2572 τὸ
1639 2515 1742 2589 μὲν
1766 2512 1946 2589 μέσον

349 2597 449 2653 τοῦ
486 2596 867 2672 στρατοπέδου
904 2599 1092 2659 ἐνίκων
1147 2601 1201 2659 οἱ
1253 2598 1559 2678 βάρβαροι,
1603 2603 1676 2679 τῇ
1723 2601 1946 2676 Πέρσαι

348 2706 411 2744 τε
455 2681 611 2742 αὐτοὶ
653 2685 745 2743 καὶ
786 2685 965 2749 Σάκαι
1014 2686 1335 2766 ἐτετάχατο·
1378 2687 1519 2749 κατὰ
1543 2693 1708 2748 τοῦτο
1737 2689 1841 2764 μὲν
1876 2687 1944 2761 δὴ

350 2769 535 2836 ,ἐνίκων
583 2774 637 2832 οἱ
675 2771 985 2852 βάρβαροι,
1036 2775 1127 2834 καὶ
1167 2775 1430 2852 ῥήξαντες
1475 2776 1698 2836 ἐδίωκον
1743 2777 1798 2838 ἐς
1841 2773 1946 2848 τήν

346 2856 679 2938 μεσόγαιαν·
719 2859 785 2920 τό
827 2861 888 2920 δὲ
926 2862 1089 2940 κέρας
1130 2861 1387 2940 ἑκάτερον
1429 2862 1618 2923 ἐνίκων
1657 2860 1950 2936 Ἀθηναῖοί

347 2970 409 3004 τε
463 2947 555 3005 καὶ
608 2949 937 3024 Πλαταιέες,
986 2955 1241 3014 νικῶντες
1273 2951 1351 3022 δὲ,
1391 2949 1459 3011 τὰ
1505 2952 1608 3026 μὲν
1641 2947 1946 3024 τετραμμέ-

347 3057 443 3094 νον
470 3039 582 3094 τῶν
606 3035 922 3114 βαρβάρων
949 3035 1176 3118 φευγειν
1217 3038 1334 3108 ἔων,
1373 3040 1526 3098 τοῖσι
1565 3035 1625 3094 δὲ
1663 3035 1728 3094 τὰ
1767 3034 1947 3109 μέσον

344 3121 555 3200 ῥήξασι
611 3123 791 3185 αὐτων
850 3125 1261 3206 συναγαγόντες
1310 3125 1384 3187 τοὶ
1439 3124 1599 3200 κέρεα
1651 3119 1946 3196 ἀμφότερα

346 3209 645 3315 ἐμάχοντο·
686 3211 779 3271 καὶ
820 3212 1008 3272 ἐνίκων
1045 3211 1352 3289 Ἀθηναῖοι·
1389 3209 1665 3310 φεύγουσι
1700 3208 1760 3266 δὲ
1793 3210 1947 3267 τοῖσι

346 3291 615 3372 Πέρσῃσι
651 3295 877 3355 εἵποντο
904 3291 1218 3362 κόπτοντες,
1255 3298 1312 3355 ἐς
1338 3321 1370 3350 ο
1397 3290 1488 3348 ἐπὶ
1514 3315 1618 3362 την
1645 3288 1948 3348 θάλασσαν
