2259 3500
321 113 420 162 328
585 127 598 136 ·
933 109 1305 160 ἮΡοΔοι-οἰ·
1800 112 1933 178 [nt.

321 192 602 252 ἐσέπτατο
655 191 712 253 ἐς
760 187 830 249 vd
878 187 1261 266 στρατόπεδον
1310 193 1442 260 πᾶν,
1488 188 1583 250 καὶ
1634 193 1939 270 κηρυκήῖον

323 277 506 354 ἐφάνη
559 275 652 336 ἐπὶ
701 280 804 351 τῆς
855 281 1183 357 κυματωγῆς
1236 277 1505 353 κείμενον·
1570 279 1610 355 ἦ
1664 280 1726 340 δὲ
1764 281 1937 358 φήμη

323 366 523 441 διῆλθέ
573 371 688 440 σφι
741 363 860 434 ὧδε,
909 363 982 428 ὦς
1027 368 1083 423 οἱ
1123 364 1405 440 Ἕλληνες
1456 367 1563 441 τήν
1610 369 1937 445 Μαρδονίου

325 477 598 530 στρατιην
621 454 812 531 νικῷεν
840 456 901 512 ἐν
933 456 1235 512 Βοιωτοῖσι
1264 452 1591 532 μαχόμενοι.
1677 455 1825 531 δῆλα
1860 457 1935 534 δὴ

325 543 602 600 πολλοῖσι
635 540 988 617 τεκμηρίοισι
975 540 1141 600 ’ἐστι
1170 565 1243 601 τα
1274 541 1397 601 θεῖα
1430 545 1541 600 τῶν
1570 543 1935 624 πρηγμάτων,

325 655 376 689 ει
401 628 493 688 καὶ
523 628 654 688 τότε
685 632 786 704 τῆς
821 627 994 704 αὐτῆς
1025 628 1239 706 ημέρης
1272 630 1708 706 συμπιπτούσης
1736 636 1837 690 τοῦ
1868 657 1939 694 τε

327 721 386 777 ἐν
407 719 738 796 Πλαταιῇσι
765 716 858 775 καὶ
883 720 984 777 τοῦ
1011 721 1068 777 ἐν
1094 715 1343 794 Μυκαλῃ
1362 717 1677 792 μέλλοντος
1695 719 1937 779 ἔσεσθαι

325 805 629 882 τρώματος,
659 803 824 882 φήμη
859 808 1012 864 τοῖσι
1042 804 1300 880 Ελλησι
1335 807 1491 864 τοῖσι
1522 804 1701 885 ταύτῃ
1736 807 1939 866 ἐσαπί-

327 919 473 964 κετο,
501 892 648 953 ὥστε
675 893 971 970 θαρσῆσαί
999 918 1062 952 τε
1091 917 1197 968 την
1236 891 1509 969 στρατιήν
1548 895 1749 972 πολλῶ
1786 897 1939 970 μᾶλ-

236 971 347 1042 101
369 986 490 1052 λον,
535 983 628 1040 καὶ
673 981 890 1041 ἐθέλειν
927 980 1351 1058 προθυμότερον
1390 980 1733 1041 κινδυνεύειν.
1818 984 1941 1043 Καὶ

327 1068 523 1131 τόδε
495 1095 682 1146 ετερον
718 1069 996 1129 συνέπεσε
1024 1067 1341 1150 γενόμενον,
1371 1068 1673 1146 Δήμητρος
1704 1070 1941 1148 τεμένεα

326 1154 677 1232 Ἐλευσινίης
727 1182 882 1232 παρα
921 1155 1247 1233 ἀμφοτέρας
1284 1181 1386 1220 τας
1426 1157 1731 1234 συμβολὰς
1776 1157 1941 1218 εἶναι·

331 1243 424 1301 καὶ
449 1266 560 1322 γαρ
587 1242 656 1317 δή
683 1248 742 1302 ἐν
767 1247 839 1321 τῇ
867 1243 1175 1302 Πλαταιίδι
1198 1243 1330 1321 παρ’
1358 1270 1495 1304 αυτο
1519 1271 1588 1305 το
1610 1244 1943 1322 Δημήτριον

331 1330 549 1412 ἐγένετο
588 1330 686 1410 (ως
726 1357 819 1390 και
857 1329 1131 1409 πρότερόν
1170 1358 1269 1408 μοι
1310 1333 1609 1414 εἴρηται)“
1570 1359 1607 1408 η
1638 1334 1815 1413 μάχη,
1845 1337 1942 1394 καὶ

331 1423 392 1480 ἐν
421 1419 669 1498 Μυκάλῃ
711 1420 916 1497 ἔμελλε
956 1418 1219 1483 ωσαύτως
1258 1420 1511 1481 ἔσεσθαι·
1550 1421 1839 1502 γεγονέναι
1878 1422 1943 1482 δε

330 1507 488 1584 νίκην
519 1511 630 1568 τῶν
663 1507 807 1585 μετὰ
842 1508 1179 1568 Παυσανίεω
1210 1507 1501 1584 Ἑλλήνων
1538 1507 1715 1586 ὀρθῶς
1751 1514 1865 1584 σφι
1898 1505 1941 1587 ἦ

335 1595 501 1673 φήμη
527 1598 829 1674 συνέβαινε
855 1597 1126 1656 ἐλθοῦσα·
1167 1595 1234 1656 τὰ
1259 1598 1365 1673 μὲν
1386 1596 1499 1676 γὰρ
1524 1601 1585 1657 ἐν
1606 1601 1941 1677 Πλαταιῇσι

332 1685 476 1762 πρωῒ
507 1687 588 1745 ἔτι
622 1688 726 1760 τῆς
755 1684 964 1763 ἡμέρης
1001 1685 1233 1766 ἐγίνετο·
1272 1683 1339 1744 τὸ
1366 1684 1428 1744 δὲ
1452 1690 1513 1744 ἐν
1538 1685 1785 1764 Μυκάλῃ
1812 1687 1943 1763 περὶ

332 1772 540 1849 δειλην·
581 1772 670 1833 ὅτι
695 1773 756 1833 δὲ
780 1778 882 1850 τῆς
907 1773 1076 1849 αὐτῆς
1101 1772 1312 1850 ἡμέρης
1338 1774 1638 1849 συνέβαινε
1660 1774 1939 1854 γίνεσθαι,

330 1861 508 1939 μηνός
534 1887 597 1921 τε
636 1866 738 1921 τοῦ
779 1861 968 1930 αὐτοῦ,
997 1858 1181 1940 χρόνω
1216 1858 1283 1920 οὔ
1312 1864 1513 1939 πολλῷ
1552 1866 1665 1937 σφι
1702 1861 1944 1939 ὕστερον

333 1950 482 2026 δῆλα
521 1949 975 2027 ἀναμανθάνουσι
1027 1950 1252 2029 ἐγίνετο.
1338 1947 1409 2025 ἦν
1447 1948 1508 2008 δὲ
1546 1948 1787 2025 α’ρρωδίη
1827 1954 1943 2025 σφι

333 2039 466 2116 πρὶν
523 2038 628 2114 τήν
693 2036 892 2114 φήμην
949 2038 1338 2107 ἐσαπικέσθαι,
1394 2034 1516 2097 οὔτι
1566 2039 1697 2113 περὶ
1746 2037 1945 2112 σφέων

335 2125 516 2185 αυτῶν
555 2125 714 2195 οὕτω,
753 2124 824 2187 ὥς
861 2126 974 2183 τῶν
994 2121 1309 2233 :Evavmm
1350 2124 1431 2201 μή
1470 2150 1599 2202 περι
1641 2124 1944 2204 Μαρδονίῳ

335 2214 549 2291 πταίσῃ
589 2212 627 2287 ἦ
667 2210 901 2275 Ἑλλάς·
969 2236 1040 2274 ως
1077 2211 1269 2288 μέντοι
1307 2210 1346 2286 ἦ
1388 2211 1607 2290 κλῃδων
1647 2210 1787 2288 αὕτη
1827 2217 1944 2288 σφι

336 2297 631 2369 ἐσέπτατο,
670 2299 900 2375 μαλλόν
937 2326 996 2361 τι
1036 2300 1128 2358 καὶ
1166 2298 1471 2378 ταχύτερον
1511 2299 1616 2375 τήν
1654 2299 1945 2377 πρόσοδον

337 2389 635 2447 ἐποιεῦντο.
721 2390 775 2446 οἶ
825 2389 930 2463 μὲν
970 2386 1040 2463 δή
1084 2386 1365 2462 Ἕλληνες
1410 2388 1503 2446 καὶ
1549 2390 1605 2447 οἱ
1643 2387 1941 2464 βάρβαροι

335 2475 605 2535 ἔσπευδον
632 2479 688 2538 ἐς
719 2474 823 2552 τήν
858 2473 1064 2554 μάχην,
1093 2474 1165 2538 ὥς
1199 2480 1313 2551 σφι
1349 2476 1441 2534 καὶ
1474 2478 1531 2535 αἱ
1568 2479 1737 2551 νῆσοι
1775 2475 1869 2533 καὶ
1906 2474 1943 2533 ὁ

334 2561 768 2639 Ἑλλήσποντος
792 2562 972 2622 ἄεθλα
998 2563 1307 2639 προέκειτο.

245 2652 358 2711 102
457 2654 625 2711 Τοῖσι
661 2652 766 2728 μέν
796 2676 894 2711 νυν
923 2649 1276 2725 Ἀθηναίοισι
1308 2650 1401 2709 καὶ
1433 2652 1589 2709 τοῖσι
1626 2648 1946 2727 προσεχέσι

335 2737 588 2798 τούτοισι
639 2738 1048 2819 τεταγμένοισι,
1087 2738 1259 2815 μέχρι
1312 2762 1411 2796 κου
1449 2741 1561 2797 τῶν
1598 2735 1864 2813 ἡμισέων,
1902 2736 1945 2811 ἦ

335 2824 466 2888 ὁὸὂς
510 2826 720 2905 ἐγίνετο
769 2823 886 2885 κατ’
934 2823 1196 2904 αἰγιαλόν
1238 2848 1301 2884 τε
1348 2825 1441 2884 καὶ
1480 2822 1693 2883 ἄπεδον
1738 2826 1945 2902 χῶρον·

334 2915 490 2971 τοῖσι
521 2912 582 2970 δὲ
614 2912 1108 2987 Λακεδαιμονίοισι
1148 2912 1241 2970 καὶ
1271 2914 1427 2971 τοῖσι
1461 2910 1661 2987 ἐπεξῆς
1690 2909 1947 2971 τούτοισι

335 3000 744 3078 τεταγμένοισι,
783 2998 926 3059 κατά
959 3023 1022 3057 τε
1057 2998 1344 3075 χαράδρην
1370 2998 1463 3056 καὶ
1498 2996 1683 3075 οὕρεω
1726 3002 1787 3057 ἐν
1812 2995 1857 3077 ᾧ
1886 2998 1949 3057 δὲ

339 3170 486 3246 κέρεϊ
537 3173 618 3231 ἔτι
675 3172 770 3230 καὶ
821 3172 890 3248 δὴ
951 3176 1249 3247 ἐμαχοντο.
1331 3172 1429 3233 ἕως
1484 3171 1591 3246 μέν
1642 3196 1741 3231 νυν
1790 3146 1951 3255 τοῖοἵςν

337 3255 606 3335 Πέρσῃσι
631 3256 798 3334 ὄρθια
821 3258 894 3333 ἦν
923 3257 997 3318 τὰ
1028 3256 1221 3337 γέρρα,
1250 3256 1530 3334 ἠμύνοντό
1564 3281 1631 3317 τε
1664 3257 1760 3315 καὶ
1788 3257 1953 3319 οὐδὲν
