2259 3500
341 135 624 200 νειμ-236]
970 136 1341 186 ΠΟΛΤΜΝῙΑ.
1844 135 1935 186 217

339 241 462 292 μαι·
518 212 638 273 οὔτι
675 212 778 273 τᾶν
815 213 923 275 σόν
963 212 1177 273 στόλον
1228 214 1507 289 προειδώς,
1556 214 1712 274 ἀλλὰ
1756 212 1941 273 πάντα

341 301 544 379 ὁμοίως
577 300 930 378 φοβεόμενος
969 300 1183 377 ἀνδρῶν
1224 301 1453 361 στόλον·
1510 306 1568 359 ἐκ
1616 302 1817 376 ταύτης
1866 300 1938 361 ὧν

341 394 442 465 τῆς
486 388 664 465 νήσου
710 388 1065 466 ὁρμεῶμενοι,
1121 388 1450 466 φοβεόντων
1507 388 1636 451 τούς
1675 389 1939 447 Λακεδαι-

340 478 584 554 μονίους·
637 477 907 554 παροίκου
947 476 1008 535 δὲ
1047 477 1303 553 πολέμου
1342 482 1455 552 σφι
1497 477 1680 539 ἐόντος
1712 477 1939 551 οἶκηῒου,

341 564 499 625 οὐδὲν
545 565 712 625 δεινοὶ
755 564 984 624 ἔσονταί
1023 590 1129 634 τοι,
1172 564 1253 640 μὴ
1293 566 1395 640 τῆς
1440 563 1621 640 ἄλλης
1664 563 1944 628 Ἑλλάδος

342 651 719 728 ἁλισκομένης
745 651 856 711 fier&
885 656 988 711 τοῦ
1017 654 1190 724 πεζοῦ
1224 651 1513 727 βοηθέωσι
1544 651 1734 730 ταύτῃ*
1778 678 1940 711 κατα-

343 738 716 814 δουλωθείσης
757 738 816 797 δὲ
857 743 958 814 τῆς
998 738 1182 815 ἄλλης
1222 738 1517 810 Ἑλλάδος,
1558 739 1789 803 οἷσθενὲς
1832 739 1940 816 ἤδη

345 824 413 883 τό
459 824 780 884 Αακωνικόν
817 830 1024 902 μοῦνον
1064 828 1335 887 λείπεται.
1416 826 1487 902 ἢν
1530 827 1591 886 δὲ
1633 832 1806 887 ταῦτα
1860 827 1941 904 μὴ

343 916 526 991 ποιῇς,
555 911 686 971 τάδε
715 938 804 972 τοι
833 913 1124 990 προσδόκα
1162 916 1414 975 ἔσεσθαι·
1468 917 1589 975 ἔστι
1623 920 1725 991 τῆς
1756 919 1939 974 Πελο-

344 999 642 1079 ποννήσου,
659 1000 861 1077 ἰσθμὸς
881 1000 1114 1065 στεινός·
1155 1007 1215 1062 ἑν
1237 1001 1413 1081 τούτῳ
1436 1006 1513 1081 τῷ
1538 1002 1696 1081 χώρῳ
1722 1003 1941 1062 πάντων

345 1089 819 1164 Πελοποννησίων
855 1089 1289 1167 συνομοσάντων
1316 1092 1406 1149 ε’πὶ
1434 1091 1545 1159 σοὶ,
1572 1091 1759 1170 μάχας
1786 1094 1940 1169 ἰσχυ-

342 1177 572 1253 ροτέρας
591 1176 774 1240 ἄλλας
792 1182 901 1237 τῶν
919 1178 1227 1257 γενομένων
1253 1179 1561 1254 προσδέκεο
1584 1180 1820 1239 ἔσεσθαί
1833 1204 1940 1238 τοι·

345 1264 520 1323 ε’κεῖνο
559 1264 620 1323 δὲ
651 1264 957 1340 ποιήσαντι
993 1264 1243 1345 ἀμαχητὶ
1276 1265 1307 1325 ὅ
1339 1291 1400 1325 τε
1434 1266 1636 1343 ἰσθμὸς
1663 1264 1821 1329 οὗτος
1847 1267 1939 1325 καὶ

341 1354 402 1410 αἱ
451 1352 622 1417 πόλις
675 1352 1176 1431 προσχωρήσουσι.
1303 1354 1471 1435 Λέγει
1512 1380 1653 1431 μετα
1704 1359 1901 1414 τοῦτον
1917 1356 2034 1413 236

340 1437 696 1517 Ἀχαιμένης,
719 1438 996 1517 ἀδελφεός
1013 1466 1076 1500 τε
1097 1440 1199 1500 ε’ων
1218 1441 1435 1517 Ξέρξεω
1456 1444 1546 1499 καὶ
1565 1446 1665 1502 τοῦ
1686 1447 1943 1501 ναυτικοῦ

344 1530 619 1603 στρατοῦ·
649 1553 981 1609 στρατηγος,
1029 1554 1363 1607 παρατυχων
1412 1554 1473 1588 τε
1514 1533 1592 1607 τῷ
1637 1520 1825 1610 λόγω,
1853 1530 1943 1586 καὶ

347 1612 533 1676 δείσας
585 1614 666 1691 μὴ
719 1613 1052 1696 αναγνωσθῇ
1103 1616 1315 1693 Ξέρξης
1361 1640 1565 1675 ποιεειν
1607 1620 1799 1675 ταῦτα·
1862 1615 1943 1673 “‹2’›

346 1702 612 1776 βασιλεῦ,
667 1701 808 1780 ὁρέω
861 1728 930 1763 σε
977 1702 1175 1781 α’νδρός
1228 1702 1580 1782 ἐνδεκόμενον
1632 1703 1837 1785 λόγους
1882 1702 1943 1766 ὃς

348 1789 574 1863 φθονέει
599 1815 688 1849 τοι
715 1789 776 1849 εὗ
799 1791 1140 1868 πρήσσοντι,
1168 1789 1205 1868 ἢ
1232 1792 1323 1850 καὶ
1353 1792 1607 1869 προδιδοῖ
1640 1791 1943 1872 πρήγματα

343 1875 416 1934 τὰ
435 1875 534 1936 σά·
563 1878 656 1936 καὶ
673 1877 784 1959 γοῖρ
811 1878 878 1954 δή
907 1880 1000 1937 καὶ
1025 1878 1287 1956 τρόποισι
1312 1878 1615 1938 τοιούτοισι
1639 1879 1942 1958 χρεώμενοι

345 1966 400 2022 οἶ
429 1964 710 2042 Ἕλληνες
750 1966 1032 2045 χαίρουσι·
1089 1970 1191 2026 τοῦ
1230 1993 1293 2027 τε
1330 1967 1603 2046 εὐτυχέειν
1638 1968 1943 2044 φθονέουσι

344 2052 437 2110 καὶ
486 2053 553 2113 τό
607 2055 852 2131 κρέσσον
895 2055 1219 2136 στυγέουσι.
1303 2059 1349 2113 εἷ
1394 2055 1441 2114 δ’
1485 2056 1575 2114 ε’πὶ
1616 2059 1754 2134 τῇσι
1794 2081 1958 2133 παρε-

348 2139 558 2220 ούσῃσι
592 2140 818 2220 τύχῃσι,
845 2147 958 2202 τῶν
984 2142 1099 2205 νέες
1125 2141 1533 2223 νεναυηγήκασι
1568 2143 1940 2221 τετρακόσιαι,

345 2225 530 2292 ἄλλοις
571 2233 631 2287 ἐκ
671 2233 772 2289 τοῦ
817 2231 1202 2307 στρατοπέδου
1235 2231 1561 2308 τριηκοσίας
1593 2230 1944 2310 ἀποπέμψεις

346 2314 679 2390 περιπλώειν
719 2316 1180 2392 Πελοπόννησον,
1227 2316 1533 2397 ἀξιόμαχοί
1565 2345 1654 2378 τοι
1697 2320 1943 2400 γίνονται

348 2403 400 2459 οἱ
427 2401 745 2460 ἀντίπαλοι·
786 2402 932 2478 ἁλὴς
959 2404 1018 2462 δὲ
1049 2403 1151 2464 ἐών
1184 2404 1215 2464 ὁ
1252 2406 1505 2469 ναυτικὸς
1541 2405 1783 2484 στρατός
1813 2407 1943 2467 δυσ-

350 2488 770 2566 μεταχείριστός
813 2515 885 2550 τε.
920 2489 1141 2551 αὗτοῖσι
1190 2493 1419 2572 γίνεται,
1470 2493 1561 2551 καὶ
1612 2493 1793 2573 οἷρχήν
1845 2495 1944 2554 οὔκ

347 2574 652 2654 ἀξιόμαχοί
679 2601 768 2636 τοι
803 2577 1045 2638 ἔσονται·
1088 2580 1181 2638 καὶ
1215 2583 1327 2642 πᾶς
1353 2579 1384 2640 ὁ
1410 2581 1662 2644 ναυτικὸς
1690 2586 1768 2659 τῷ
1799 2583 1944 2660 πεζῷ

343 2661 538 2738 ἀρήξει
565 2663 656 2722 καὶ
682 2663 716 2723 ὁ
741 2664 908 2736 πεζός
930 2671 1008 2745 τῷ
1033 2669 1283 2745 ναυτικῶ,
1312 2666 1457 2743 ομοῦ
1482 2667 1866 2744 πορευόμενος·
1895 2672 1943 2728 εἰ

347 2749 407 2808 δὲ
445 2749 795 2823 διασπάσεις,
823 2752 951 2813 οὔτε
975 2781 1050 2814 συ
1077 2755 1233 2814 ἔσεαι
1260 2755 1491 2815 κείνοισι
1508 2753 1791 2835 χρήσιμος
1818 2753 1943 2815 οὔτε

347 2818 518 2902 κεῖνδι
544 2841 661 2899 σοί.
741 2867 814 2901 τα
839 2848 1084 2902 σεωυτοῦ
1113 2842 1173 2901 δὲ
1197 2842 1558 2919 τιθεμενος’
1500 2869 1577 2912 ευ,
1597 2867 1823 2923 γνωμην
1850 2843 1943 2922 ἔχε

345 2925 416 2984 τοὶ
439 2951 552 2988 των
577 2926 961 3006 ἀντιπολέμων
995 2956 1076 3007 μη
1115 2930 1479 3010 ἐπιλέγεσθαι
1513 2928 1833 3010 πρήγματα,
1870 2934 1943 3007 τῇ

345 3037 408 3073 τε
433 3013 745 3091 στήσονται
770 3016 870 3076 τον
894 3017 1164 3094 πόλεμον,
1191 3016 1263 3076 τοί
1288 3041 1351 3076 τε
1377 3017 1699 3093 ποιήσουσι,
1728 3015 1856 3075 ὅσοι
1880 3043 1943 3076 τε

345 3103 566 3178 πλῆθός
594 3107 721 3163 εἰσι·
766 3105 942 3165 ἱκανοὶ
962 3105 1070 3185 γὰρ
1099 3105 1301 3164 ἐκεῖνοί
1320 3130 1387 3186 γε
1407 3103 1563 3164 αὐτοὶ
1584 3107 1793 3164 ἑωυτῶν
1818 3106 1945 3183 πέρι

347 3191 660 3266 φροντίζειν
687 3193 816 3262 εἰσὶ,
841 3190 1002 3269 ἡμεῖς
1029 3193 1088 3252 δὲ
1106 3191 1291 3268 ἡμέων
1318 3190 1596 3254 ὤσαύτως.
1676 3192 1945 3252 Λακεδαι-

342 3276 530 3352 μόνιοι
563 3277 626 3339 δὲ
655 3276 726 3355 ἣν
757 3279 889 3338 ἴωσι
919 3278 1080 3338 ἀντία
1116 3279 1383 3354 Πέρσῃσι
1410 3281 1465 3339 ἔς
1490 3277 1694 3355 μάχην,
1722 3277 1848 3338 οὐδὲ
1883 3281 1945 3340 ἓν
