2259 3500
368 119 647 185 les-168]
985 120 1358 169 ΠΟΛΤΜΝΙΑ.
1728 146 1744 153 -
1869 122 1958 171 189

364 202 637 261 καυθέντα
686 199 1087 277 ἀφανισθῆναι.
1175 198 1542 276 ἀφανισθέντι
1591 198 1652 259 δὲ
1714 197 1962 277 Ἀμίλκᾳ.

360 288 547 366 τρόπῳ
587 289 695 347 εἴτε
726 286 957 365 τοιούτῳ
992 287 1063 350 ὦς
1094 288 1340 350 Φοίνικες
1371 286 1622 367 λέγουσι,
1655 286 1763 344 εἴτε
1797 285 1960 364 ἑτέρῳ

362 374 432 437 ὥς
472 378 857 451 Συρηκούσιοι,
886 374 1264 452 Καρχηδόνιοι
1301 378 1466 434 τοῦτο
1505 373 1609 457 μέν
1649 377 1703 431 οἱ
1743 372 1958 441 θύουσι,

358 466 523 522 τοῦτο
558 462 619 521 δὲ
650 462 913 538 μνήματα
948 461 1220 536 ἐποίησαν
1253 466 1310 521 ἐν
1343 460 1566 541 πάσῃσι
1593 464 1728 538 τῇσι
1758 459 1962 519 πόλισι

360 552 467 609 τῶν
494 549 805 619 ἀποικίδων,
832 554 889 609 ἐν
916 548 1056 627 αὐτῇ
1081 574 1144 609 τε
1169 549 1439 630 μέγιστον
1465 547 1806 626 Καρχηδόνι.
1886 547 1960 608 ‘td

361 640 463 713 μὲν
488 637 601 697 ‹ia-<3
630 638 885 711 Σικελίης
908 640 1180 696 τοσαῦτα.

428 728 761 801 Κερκυραῖοι
780 725 840 782 δὲ
859 723 991 785 τάδε
983 721 1430 834 ὖποκριναῖμενοι
1448 726 1600 783 τοῖσι
1621 721 1918 803 ἀγγέλοισι
1938 724 2052 781 168

361 811 545 870 τοιάδε
582 812 869 887 ἐποίησαν·
911 812 1003 871 καὶ
1034 811 1146 892 γοῖρ
1178 811 1404 873 τούτους
1429 809 1872 887 παρελάμβανον
1903 814 1957 871 οἱ

362 897 519 957 αυτοὶ
553 900 712 975 οἷπερ
751 899 841 957 καὶ
874 904 929 961 ἐς
964 900 1226 974 Σικελίην
1261 897 1516 966 απίκατο,
1545 898 1803 977 λέγοντες
1828 924 1958 961 τους

362 984 561 1049 αὖτοῦς
592 986 798 1066 λογους
832 1012 961 1049 τους
994 987 1083 1045 καὶ
1114 987 1254 1063 πρὸς
1291 986 1518 1045 Γέλωνα
1549 986 1760 1066 ἔλεγον·
1809 1012 1862 1045 οι
1893 984 1954 1045 δὲ

360 1076 670 1150 παραυτίκα
704 1076 807 1150 μὲν
842 1073 1153 1152 ὑπίσχοντο
1193 1075 1433 1151 πέμψειν
1461 1099 1524 1134 τε
1561 1074 1651 1133 καὶ
1685 1073 1954 1150 ἀμυνέειν,
1975 1080 1990 1091 ‘

361 1160 663 1237 φράζοντες
690 1161 761 1225 οἷς
786 1159 852 1220 οὔ
876 1168 989 1236 σφι
1012 1163 1312 1237 περιοπτέη
1338 1162 1461 1221 ε’στὶ
1485 1161 1523 1237 ἦ
1547 1161 1761 1224 Ἕλλας
1778 1159 1952 1221 α’πολ-

360 1250 591 1324 λυμένη·
630 1248 701 1324 ἢν
728 1275 840 1329 γαρ
869 1253 1088 1326 σφαλῇ,
1120 1252 1290 1324 σφεῖς
1313 1274 1380 1329 γε
1409 1248 1565 1309 ουδὲν
1589 1248 1800 1307 αλλο
1767 1276 1802 1325 η
1829 1248 1950 1309 δου-

360 1334 631 1395 λεύσουσι
659 1340 731 1414 τῇ
762 1337 953 1414 πρώτῃ
988 1339 1095 1395 τῶν
1130 1335 1396 1412 ἡμερέων·
1438 1335 1592 1395 ἅλλα
1593 1337 1954 1446 τιμωρητέον

361 1421 443 1497 εἴη
466 1428 519 1486 ἐς
533 1449 599 1483 το
583 1422 1003 1483 δυνατωτατον.
1051 1422 1410 1499 ὑπεκρίναντο
1429 1427 1532 1500 μὲν
1553 1423 1694 1483 οὕτω
1716 1423 1950 1501 εὐπρόσ-

360 1533 501 1568 ωπα·
554 1512 674 1569 ε’πεὶ
714 1511 773 1568 δε
813 1511 919 1569 ἔδει
958 1510 1237 1585 βοηθέειν,
1285 1510 1440 1569 ἅλλα
1479 1515 1725 1574 νοεῦντες
1780 1511 1949 1587 ε’πλή-

357 1621 547 1671 ρωσαν
592 1598 715 1659 νέας
757 1597 1035 1673 ἑξήκοντα,
1078 1597 1245 1677 μόγις
1289 1598 1348 1657 δὲ
1401 1597 1728 1676 ἀναχθέντες
1771 1624 1966 1680 προσ-ἱ

360 1684 552 1762 έμιξαν
574 1688 647 1763 τῇ
673 1683 1109 1764 Πελοποννήσῳ·
1153 1686 1244 1743 καὶ
1269 1686 1397 1763 περὶ
1416 1683 1612 1745 Πύλον
1639 1685 1731 1743 καὶ
1755 1686 1947 1743 Ταίνα-

353 1797 459 1848 ρον
500 1777 606 1852 γῆς
644 1777 745 1849 τῆς
784 1774 1231 1849 Λακεδαιμονίων
1275 1772 1612 1852 ἀνεκώχευον
1656 1773 1755 1836 τὰς
1807 1774 1947 1844 νέας,

357 1861 780 1937 καραδοκέοντες
820 1863 911 1920 καὶ
950 1858 1103 1921 οὗτοι
1139 1861 1242 1920 τὸν
1278 1860 1530 1938 πόλεμον
1575 1858 1614 1940 ᾖ
1667 1862 1946 1920 πεσέεται·

355 1947 718 2013 αἐλπτέοντες
748 1952 852 2026 μὲν
883 1949 1014 2013 τούς
1040 1948 1328 2025 Ἕλληνας
1357 1948 1828 2026 ὑπερβαλέεσθαι,
1860 1949 1948 2008 δο-

356 2037 569 2101 κέοντες
622 2037 681 2096 δὲ
731 2036 831 2098 τὸν
884 2037 1118 2114 Πέρσην
1178 2036 1675 2115 κατακρατήσαντα
1727 2035 1947 2097 πολλόν

354 2121 539 2200 ἄρξειν
564 2125 753 2200 πάσης
776 2129 877 2200 τῆς
901 2124 1197 2188 Ἑλλάδος·
1225 2124 1508 2184 ἐποίευν’
1468 2151 1541 2184 ων
1567 2125 1882 2200 ἐπίτηδες,’
1860 2151 1948 2185 ινα

356 2213 527 2290 ἔχωσι
551 2211 692 2290 πρός
715 2212 816 2274 τόν
842 2213 1075 2290 Πέρσην
1098 2215 1286 2294 λέγειν
1311 2213 1514 2274 τοιάδε·
1558 2224 1592 2248 “
1623 2213 1650 2236 ⁹
1611 2216 1944 2289 ωβασιλεῦ,

354 2298 529 2372 ἡμεῖς,
554 2300 1113 2377 παραλαμβανόντων
1138 2305 1248 2362 τῶν
1264 2300 1606 2376 Ἑλλήνων“
1569 2302 1743 2379 ημέας
1769 2307 1824 2364 ἐς
1847 2328 1946 2362 τον

356 2384 607 2460 πόλεμον
631 2391 845 2456 τοῦτον,
874 2389 1089 2466 ἔχοντες
1108 2387 1336 2466 δυναμιν
1357 2415 1456 2448 ουκ
1474 2390 1797 2475 ἐλαχίστην,
1819 2389 1944 2450 ουδὲ

358 2471 480 2534 νέας
506 2475 812 2551 ἐλαχίστας
831 2473 1219 2553 παρασχόντες
1239 2475 1322 2546 ἂν,
1339 2475 1494 2536 αλλα
1513 2477 1785 2540 πλείστας
1802 2477 1944 2554 μετά

356 2582 422 2636 γε
440 2557 779 2634 Ἀθηναίους,
800 2561 899 2626 οὖκ
910 2562 1286 2671 {Oekty'ouwffv-
1288 2591 1376 2624 τοι
1398 2567 1798 2634 ἐναντιοῦσθαι,
1820 2564 1949 2625 ουδέ

354 2669 411 2703 τι
448 2645 761 2725 αποθύμιον
799 2651 1070 2727 ποιῆσαι)
1129 2657 1358 2712 τοιαῦτα
1405 2655 1662 2734 λέγοντες
1706 2651 1945 2726 ἤλπιζον

354 2733 531 2794 πλέον
554 2761 611 2795 τι
635 2741 744 2796 τῶν
768 2737 961 2799 ἄλλων
986 2739 1266 2800 οισεσθαι·
1297 2767 1473 2818 ταπερ
1499 2739 1566 2799 ἂν
1593 2740 1684 2798 καὶ
1711 2738 1944 2819 ἐγένετο,

356 2848 427 2885 ως
461 2822 587 2898 ἐμοὶ
612 2824 805 2886 δοκέει.
886 2827 1028 2903 πρὸς
1053 2827 1115 2886 δε
1137 2853 1236 2887 του
1203 2854 1266 2891 υς
1279 2826 1567 2904 Ελληνοὶς
1599 2833 1710 2902 σφι
1737 2829 1946 2904 σκῆψις
1969 2900 1982 2913 ο

354 2911 668 2987 ἐπεποίητο,
692 2916 869 2990 τῇπερ
896 2913 965 2989 δὴ
992 2916 1083 2974 καὶ
1110 2915 1441 2992 ἐχρήσαντο·
1479 2915 1808 2992 αἰτιωμένων
1833 2941 1943 2995 γαρ

351 3002 461 3057 τῶν
490 2998 779 3075 Ἑλλήνων
814 3001 899 3062 ὅτι
935 3000 1033 3062 οὐκ
1070 3002 1360 3078 ἐβοήθεον,
1389 3005 1612 3078 ἔφασαν
1646 3006 1943 3078 πληρῶσαι

350 3087 453 3159 μὲν
480 3087 747 3163 ἑξήκοντα
768 3089 1022 3168 τριήρεας
1046 3088 1158 3150 ὖπὸ
1185 3091 1244 3150 δὲ
1271 3092 1533 3165 ἐτησιέων
1552 3088 1764 3165 οἷνέμων
1781 3089 1943 3166 ὕπερ-

349 3177 585 3252 βαλέειν
636 3178 874 3254 Μαλέην
914 3177 1016 3238 οὐκ
1058 3178 1171 3238 οἶοί
1204 3204 1268 3238 τε
1305 3179 1584 3258 γενέσθαι·
1653 3177 1794 3238 οὕτω
1843 3178 1944 3238 οὐκ

351 3263 655 3326 ἀπικέσθαι
696 3271 751 3329 ἐς
793 3268 1107 3342 Σαλαμῖνα,
1137 3267 1231 3326 καὶ
1267 3265 1493 3342 οὐδεμιῇ
1531 3263 1793 3336 κακότητι
1831 3267 1943 3324 λει-
