2259 3500
287 136 386 183 242
903 132 1269 184 ‘HPOAOTO'P
1706 132 1889 197 [vm.

287 214 468 273 ἐθέλει
495 213 624 274 οῦδὲ
649 214 683 274 ὅ
709 213 834 277 θεδς
857 215 1241 293 προσχωρέειν
1259 212 1403 291 πρός
1420 214 1521 277 τὰς
1539 212 1890 290 ἄνθρωπηΐας

192 300 264 359 61
285 300 526 379 γνώμας.
609 305 798 361 Ταῦτα
844 302 1108 383 λέγοντος
1150 301 1612 378 Θεμιστοκλέους,
1660 300 1815 365 αὖτις
1860 303 1895 362 ὅ

288 389 587 466 Κορίνθιος
614 389 973 466 Ἀδείμαντος
1009 390 1329 465 ἐπεφέρετο,
1358 392 1531 469 σιγᾶν
1558 414 1623 448 τε
1658 389 1895 449 κελεύων

286 478 365 554 τῷ
401 476 482 553 μή
523 482 647 537 ἐστι
686 477 885 554 πατρὶς
919 477 1010 535 καὶ
1044 475 1402 554 Εὐρυβιάδεα
1434 476 1535 535 οὐκ
1566 481 1671 536 ἐῶν
1696 482 1893 554 ἐπιψη-

289 564 471 639 φίζειν
498 563 690 625 ὀἷπόλι
728 564 904 641 ἀνδρί·
965 564 1136 625 πόλιν
1186 564 1298 646 γσῖρ
1350 563 1451 623 τᾶν
1502 566 1895 640 Θεμιστοκλέα

293 651 694 731 παρεχόμενον,
734 650 874 712 οὕτω
908 652 1129 724 ἐκέλευε
1163 652 1386 732 γνώμας
1420 650 1890 729 συμβάλλεσθαι·

290 739 468 799 ταῦτα
507 740 571 799 δέ
609 744 663 799 οἱ
702 740 998 818 προέφερε,
1039 738 1128 799 ὅτι
1158 738 1455 815 ἡλώκεσάν
1484 764 1548 799 τε
1579 740 1673 798 καὶ
1714 732 1891 800 κατεί-

287 851 460 905 χοντο
492 830 554 887 αἱ
578 827 831 903 Ἀθῆναι.
910 826 1039 887 τότε
1073 826 1215 903 δη
1182 854 1213 886 ο
1250 827 1673 937 Θεμιστοκλέης
1714 827 1894 887 κεῖνόν

287 938 352 973 τε
399 916 492 975 καὶ
531 940 660 979 τους
696 914 1026 991 Κορινθίους
1059 913 1258 973 πολλά
1290 938 1354 974 τε
1398 914 1491 973 καὶ
1534 940 1676 973 κακα
1713 915 1890 995 ἔλεγε·

289 1004 549 1062 ἐωυτοῖσί
575 1028 636 1062 τε
671 1002 874 1077 ἐδήλου
906 1002 1061 1083 λόγω
1095 1029 1169 1065 ως
1202 1003 1285 1077 εἴη
1322 1002 1415 1061 καὶ
1454 1001 1623 1064 πόλις
1678 1028 1769 1060 και
1814 1006 1893 1083 γῆ

288 1090 468 1165 μέζων
491 1088 636 1166 ἥπερ
657 1090 904 1158 κείνοισι,
933 1088 1048 1149 ἔστ’
1070 1086 1141 1149 ἂν
1159 1088 1436 1164 διηκόσιαι
1464 1090 1591 1165 νῆές
1616 1095 1729 1165 σφι
1756 1091 1890 1151 ἔωσι

291 1178 740 1252 πεπληρωμέναι·
781 1175 1055 1252 οὗδαμους
1087 1202 1199 1257 γαρ
1222 1175 1511 1251 Ἑλλήνων
1544 1175 1744 1240 ἀὐτους
1776 1182 1889 1236 ἐπι-

196 1260 323 1321 62‘
290 1288 453 1325 οντας
478 1262 955 1339 ἀποκρούσεσθαι.
1026 1263 1319 1339 Σημαίνων
1346 1263 1406 1321 δὲ
1430 1268 1620 1336 ταῦτα,
1643 1290 1720 1323 τω
1692 1264 1891 1345 ’“λόγῳ

289 1344 576 1426 διέβαινε’
551 1377 606 1413 ες
621 1349 977 1427 Εὐρυβιάδεα
1001 1352 1181 1433 λέγων
1195 1354 1464 1428 'dimna’
1438 1353 1886 1429 επεστραμμένα·

291 1436 418 1497 “συ
442 1442 490 1497 εἰ
505 1464 714 1516 μενεεις
729 1436 914 1508 αὐτοῦ,
933 1438 1024 1497 καὶ
1043 1439 1223 1515 μένων
1244 1440 1399 1498 ἔσεαι
1414 1438 1555 1515 ἀνὴρ
1575 1438 1887 1519 ἀγαθός’-

291 1528 340 1583 εἰ
373 1525 434 1585 δὲ
467 1525 565 1602 μή,
595 1525 918 1605 ἀνατρέψεις
942 1526 1047 1602 τήν
1071 1526 1345 1586 Ἐλλάδα·
1384 1526 1453 1586 τό
1479 1530 1593 1585 πᾶν
1616 1526 1725 1607 γὰρ
1753 1526 1891 1603 ἡμῖν

287 1616 390 1673 τοῦ
415 1613 670 1691 πολέμου
706 1616 944 1692 φέρουσι
971 1617 1030 1673 αἱ
1055 1620 1199 1691 νῆες.
1282 1614 1441 1673 ἀλλ’
1426 1614 1564 1691 ἐμοὶ
1590 1615 1799 1675 πείθεο·
1842 1642 1889 1675 ει

288 1701 349 1762 δὲ
372 1706 550 1763 ταῦτα
584 1702 665 1780 μή
697 1703 967 1780 ποιήσεις,
995 1702 1155 1780 ἦμεῖς
1188 1704 1307 1780 μὲν,
1336 1702 1409 1766 ὥς
1436 1703 1651 1781 ἔχομεν,
1680 1700 1889 1763 ἀναλα-

289 1790 492 1865 βόντες
532 1819 662 1855 τους
705 1793 932 1864 οικέτας,
980 1791 1319 1868 κομιεύμεθα
1362 1795 1417 1854 ἐς
1472 1791 1629 1866 Σίριν
1680 1815 1785 1865 την
1830 1796 1889 1854 ἐν

285 1877 516 1958 Ἰταλίῃ,
543 1879 686 1956 ἥπερ
712 1878 954 1956 ἡμετέρη
979 1879 1044 1938 τέ
1069 1883 1193 1937 ἐστι
1218 1884 1279 1936 ἐκ
1304 1881 1551 1936 παλαιοῦ
1578 1879 1671 1950 ἔτι,
1699 1878 1791 1936 καὶ
1814 1878 1887 1938 τὰ

297 1965 468 2048 λόγια
493 1969 648 2048 λέγει
674 1965 765 2024 ὑπ’
791 1965 978 2042 ἡμέων
1013 1964 1185 2040 αὐτὴν
1211 1965 1352 2025 δέειν
1378 1966 1691 2040 κτισθῆναι·
1732 1965 1891 2042 ὑμεῖς

285 2053 346 2112 δὲ
377 2054 690 2132 συμμάχων
719 2052 944 2111 τοιῶνδε
978 2053 1351 2128 μουνωθέντες
1384 2051 1746 2129 μεμνήσεσθε
1774 2056 1887 2112 τῶν

191 2141 268 2200 63
291 2145 437 2216 ἐμῶν
487 2138 723 2221 λόγων.”
805 2142 993 2198 Ταῦτα
1035 2139 1095 2199 δὲ
1142 2139 1555 2217 Θεμιστοκλέος
1606 2137 1885 2220 λέγοντος,

287 2225 674 2286 ἀνεδιδάσκετο
699 2225 1073 2303 Εὐρυβιάδης·
1105 2227 1314 2287 δοκέειν
1340 2228 1402 2286 δέ
1424 2253 1539 2303 μοι,
1560 2228 1887 2305 ἀρρωδήσας

283 2313 540 2391 μάλιστα
578 2313 708 2377 τούς
759 2312 1086 2389 Ἀθηναίους
1127 2315 1533 2384 ἀνεδιδάσκετο,
1576 2315 1660 2392 μή
1703 2311 1889 2391 σφεας

285 2399 626 2475 α’πολίπωσι,
671 2400 741 2478 ἢν
778 2400 919 2478 πρὸς
951 2401 1052 2462 τᾶν
1085 2401 1319 2480 Ἰσθμὸν
1358 2401 1541 2483 ἇνᾶγῃ
1586 2402 1688 2465 τὰς
1733 2408 1885 2479 νῆας·

284 2487 673 2549 ἀπολιπόντων
709 2515 820 2570 γαρ
861 2487 1184 2566 Ἀθηναίων,
1228 2489 1410 2550 οὐκέτι
1450 2491 1697 2571 ἐγίνοντο
1738 2491 1887 2561 αξιό-

287 2602 464 2655 μαχοι
503 2603 557 2636 οι
597 2575 808 2636 λοιποί·
856 2576 1062 2653 ταύτην
1101 2577 1163 2636 δὲ
1206 2579 1447 2656 αἱρέεται
1490 2577 1595 2653 τὴν
1636 2577 1878 2658 γνώμην,

285 2663 454 2738 αὐτοῦ
480 2665 748 2742 μένοντας
756 2665 1211 2776 διαναυμαχέειν.

190 2752 265 2810 64
352 2752 514 2812 Οῧτω
564 2779 668 2830 μεν
721 2756 774 2812 οἱ
826 2754 954 2830 περὶ
1014 2754 1311 2830 Σαλαμῖνα
1364 2755 1525 2813 ἔπεσι
1582 2752 1885 2832 ἀκροβολι-

285 2840 538 2917 σάμενοι,
569 2842 694 2900 ἐπεί
711 2866 774 2901 τε
799 2839 1126 2948 Εὖρυβισίδη
1154 2841 1321 2911 εδοξε,
1350 2841 1520 2901 αὐτοῦ
1545 2841 1887 2918 παρεσκευά-

285 2927 514 2998 ζοντο“
474 2954 544 2990 ως
569 2928 1042 3008 ναυμαχήσοντες·
1083 2928 1265 3039 ημέρη
1298 2955 1362 2988 τε
1395 2930 1621 3009 ἐγίνετο,
1652 2930 1744 2987 καὶ
1769 2955 1887 3005 αμα

281 3018 358 3092 τῷ
392 3014 534 3092 ηλίῳ
567 3014 776 3075 σ’,νιόντι
811 3014 1059 3092 σεισμὸς
1085 3016 1302 3095 ἐγένετο
1331 3017 1386 3076 ἔν
1410 3042 1472 3075 τε
1497 3021 1569 3094 τῇ
1594 3020 1671 3096 γῇ
1698 3018 1790 3074 καὶ
1815 3020 1887 3093 τῇ

289 3101 576 3178 θαλάσσῃ·
634 3103 787 3172 ἔδοξε
817 3103 880 3162 δέ
911 3109 1024 3178 σφι
1062 3101 1331 3170 ευξασθαι
1362 3105 1515 3161 τοῖσι
1556 3103 1753 3171 θεοῖσι,
1793 3102 1886 3159 καὶ

287 3188 736 3250 ἐπικαλέσασθαι
761 3189 890 3253 τούς
917 3189 1181 3252 Αἰακίδας
1200 3188 1551 3267 συμμάχους·
1581 3187 1653 3250 ὦς
1684 3189 1747 3246 δέ
1770 3194 1883 3262 σφι

289 3270 456 3340 ἔδοξε,
492 3275 582 3332 καὶ
622 3268 838 3337 ἐποίευν
861 3281 1058 3336 ταῦτα·
1101 3275 1389 3351 εὐξάμενοι
1414 3273 1524 3354 γὰρ
1548 3276 1695 3332 πᾶσι
1730 3277 1885 3332 τοῖσι
