2259 3500
340 111 490 175 1—5]
952 111 1324 162 ΠοΛτΜΝῙΑ.
1850 116 1940 165 119

334 188 423 250 ὅτι
450 190 786 269 νομιζόμενα
812 190 897 267 εἴη
922 188 1062 268 πρὸς
1080 189 1302 252 πάντων
1327 190 1630 269 ἀνθρώπων
1645 191 1748 253 τᾶν
1763 218 1934 271 πρεσ-

333 277 585 354 βύτατον
616 279 720 354 τὴν
752 277 935 357 α’ρχήν
973 280 1138 358 ἔχειν·
1179 278 1391 357 Ξέρξης
1430 278 1507 351 δὲ,
1551 277 1622 343 ὦς
1650 278 1938 361 Ἀτόσσης

334 391 396 425 τε
423 370 554 429 παῖς
583 367 667 443 εἴη
691 372 792 443 τῆς
820 367 1011 443 Κύρου
1044 367 1319 449 θυγατρος
1345 368 1438 427 καὶ
1464 365 1552 429 ὅτι
1579 372 1767 449 Κιρος
1794 372 1878 447 εἴη
1903 400 1935 432 o

336 454 686 532 κτησάμενος
711 460 865 515 τοῖσι
892 456 1160 535 Πέρσῃσι
1178 456 1281 532 τὴν
1301 457 1637 569 ἐλευθερίην.
1696 460 1936 536 Δαρείου
1965 463 2000 520 3

335 541 395 599 δὲ
437 541 538 601 οὔκ
579 542 1045 620 ἀποδεικνυμένου
1090 569 1166 603 κω
1205 542 1446 625 γνώμην,
1489 544 1755 626 ἐτύγχανε
1795 572 1936 607 κατα

331 628 506 691 τωυτό
533 632 787 693 τούτοισι
813 632 907 691 καὶ
932 630 1329 709 Δημάρητος“
1295 660 1329 692 ο
1361 632 1698 710 Ἀρίστωνος
1735 633 1936 711 αναβε-

332 718 524 793 βηκῶς
579 726 633 784 ἐς
688 722 899 791 Σοῦσα,
944 720 1310 797 ἐστερημένος
1353 746 1416 781 τε
1455 724 1556 797 τῆς
1602 726 1661 781 έν
1703 723 1936 803 Σπάρτῃ

332 807 646 883 βασιληΐης
679 810 771 869 καὶ
809 808 997 891 φυγὴν
1036 808 1326 884 ἐπιβαλών
1359 812 1534 889 ἑωυτῷ
1575 815 1636 871 ἐκ
1671 810 1938 871 Λακεδαί-

333 919 523 971 μονος·
574 894 733 961 οὗτος
775 892 920 974 ὃνήρ
960 896 1272 973 πυθόμενος
1312 901 1422 957 τῶν
1455 897 1694 975 Δαρείου
1727 898 1938 958 παίδων

333 982 437 1057 τήν
480 983 771 1063 διαφορήν,
820 984 1015 1054 ε’λθῶν,
1064 984 1137 1047 ὥς
1175 984 1214 1061 ἦ
1257 983 1424 1060 φάτις
1456 1011 1556 1062 μιν
1588 986 1720 1065 ἔχει,
1753 986 1936 1067 Ξέρξῃ

334 1072 709 1148 συνεβούλευε
735 1074 924 1154 λέγειν
948 1072 1088 1150 πρός
1111 1076 1265 1132 τοῖσι
1290 1072 1450 1155 ἔλεγε
1475 1074 1651 1144 ἔπεσι,
1675 1072 1745 1139 ὥς
1771 1072 1936 1140 αὐτὸς

332 1161 437 1235 μὲν
469 1163 691 1241 γένοιτο
729 1161 947 1241 Δαρείω
979 1158 1085 1237 ἤδη
1119 1160 1488 1236 βασιλεύοντι
1525 1163 1616 1221 καὶ
1647 1162 1832 1243 ἔχοντι
1865 1188 1931 1223 το

334 1248 601 1325 Περσέων
632 1250 850 1326 κράτος·
888 1248 1312 1327 Ἀρταβαζάνης
1347 1249 1408 1308 δὲ
1443 1252 1524 1311 ἔτι
1565 1249 1752 1329 ἶδιωτῃ
1788 1251 1934 1312 ἐόντι

336 1336 569 1415 Δαρείω·
630 1336 802 1397 οὔκων
850 1336 964 1397 ουτ’
1007 1335 1157 1400 οἰκός
1199 1337 1283 1413 εἴη
1324 1336 1450 1397 οὔτε
1496 1337 1707 1398 δίκαιον
1751 1338 1933 1400 ἄλλον

334 1446 457 1481 τινα
500 1424 567 1483 τό
610 1426 777 1505 γέρας
824 1427 969 1505 ἔχειν
1012 1425 1121 1503 πρό
1179 1428 1400 1485 ἑωυτοῦ·
1461 1427 1586 1486 ἐπεί
1620 1452 1688 1508 γε
1734 1427 1828 1486 καὶ
1874 1432 1932 1488 ἓν

337 1509 583 1589 Σπάρτῃ,
628 1514 736 1590 ἔφη
775 1513 809 1574 ὁ
852 1513 1189 1591 Δημάρητος
1227 1512 1638 1591 ὑποτιθέμενος,
1672 1514 1812 1575 οὕτω
1844 1541 1930 1575 νο-

334 1597 611 1672 μίζεσθαι,
649 1598 718 1674 ἣν
755 1604 807 1660 οἷ
832 1604 935 1678 μὲν
977 1599 1382 1683 προγεγονότες
1419 1602 1549 1660 ἔωσι
1585 1602 1718 1678 πρὶν
1756 1602 1794 1678 ἦ
1833 1602 1932 1664 τᾶν

334 1686 548 1763 πατέρα
575 1688 766 1763 σφέων
788 1690 1162 1767 βασιλεῦσαι·
1203 1686 1237 1748 ὅ
1263 1688 1323 1746 δὲ
1347 1688 1715 1765 βασιλεύοντι
1739 1689 1934 1772 ὀψίγο-

334 1799 427 1837 νος
474 1775 805 1856 ἐπιγένηται,
852 1781 954 1838 τοῦ
998 1778 1387 1859 ἐπιγενομένου
1425 1777 1530 1853 τὴν
1577 1777 1782 1848 ἔκδεξιν
1831 1782 1933 1853 τῆς

330 1863 643 1941 βασιληίης
669 1867 945 1946 γίνεσθαι.
1001 1867 1364 1946 χρησαμένου
1392 1866 1452 1924 δὲ
1476 1865 1692 1944 Ξέρξεω
1717 1869 1789 1944 τῇ
1817 1872 1931 1944 Δη-

330 1951 579 2028 μαρήτου
614 1951 887 2032 ὑποθήκῃ,
915 1956 1081 2036 γνούς
1114 1954 1146 2013 ὅ
1183 1958 1420 2030 Δαρεῖος
1447 1952 1516 2017 ὥς
1541 1955 1703 2036 λέγοι
1727 1953 1927 2026 δίκαια,

329 2041 584 2114 βασιλέα
608 2069 707 2120 μιν
732 2041 975 2112 ἀπέδεξε.
1048 2043 1223 2102 δοκέει
1250 2043 1311 2101 δέ
1333 2069 1434 2120 μοι
1458 2043 1550 2101 καὶ
1578 2039 1931 2120 ἄνευ’ταύτης

328 2131 429 2203 τῆς
452 2128 737 2206 υποθήκης
754 2134 1109 2207 βασιλεῦσαι
1135 2129 1202 2190 ἂν
1225 2130 1454 2208 Ξέρξης·
1480 2130 1518 2208 ἦ
1543 2129 1929 2213 γὰρἈτοσσα

331 2214 447 2295 εἶχε
471 2245 537 2277 το
558 2223 674 2278 πᾶν
698 2219 914 2296 κράτος

408 2303 717 2374 Ἀποδέξας
752 2307 811 2365 δε
844 2308 1097 2383 βασιλέα
1135 2289 1403 2386 Πέρσῃσι
1439 2311 1675 2386 Δαρεῖος
1706 2309 1931 2386 Ξέρξεα,
1957 2310 1997 2369 4

332 2390 543 2467 ὅρμητο
578 2393 1004 2470 στρατεύεσθαι·
1046 2395 1203 2454 αλλα
1237 2394 1348 2476 γὰρ
1379 2395 1523 2472 μετὰ
1547 2395 1725 2455 ταῦτά
1748 2422 1810 2455 τε
1838 2423 1931 2456 και

331 2478 617 2557 Αἰγύπτου
648 2480 969 2542 ἀπόστασιν
1006 2485 1085 2562 τῷ
1123 2483 1336 2562 ὑστέρῳ
1364 2484 1472 2542 ἔτεῖ
1507 2483 1925 2562 παρασκευαζό-

327 2589 497 2640 μενον
538 2569 822 2644 συνήνεικε
868 2569 1037 2631 αὖτόν
1084 2575 1324 2648 Δαρεῖον
1375 2572 1804 2650 βασιλεύσαντα
1857 2573 1930 2634 τοὶ

328 2651 511 2713 πάντα
548 2657 670 2716 ἔτεα
708 2659 769 2728 ἔξ
800 2685 862 2718 τε
898 2659 990 2718 καὶ
1015 2659 1330 2737 τριήκοντα,
1362 2660 1676 2730 ἀποθανεῖν,
1713 2661 1840 2720 οὐδέ
1873 2687 1926 2720 οι

329 2741 606 2823 ἐξεγένετο
657 2746 783 2807 οὔτε
834 2773 965 2813 τους
988 2748 1366 2812 οἷπεστεωτας
1413 2750 1747 2830 Αἰγυπτίους
1801 2747 1926 2808 οὔτε

327 2827 654 2906 Ἀθηναίους
688 2838 1140 2914 τιμωρήσασθαι·
1181 2836 1558 2901 ἀποθανόντος
1584 2837 1642 2896 δε
1668 2836 1924 2914 Δαρείου,

326 2944 361 2993 η
415 2922 699 2999 βασιληὶη
753 2923 1072 3004 ἅνεχωρησε
1116 2929 1170 2988 ἐς
1210 2949 1312 2985 τον
1356 2925 1528 2983 παῖδα
1573 2950 1675 2984 τον
1720 2924 1926 3022 ἐκείνου

324 3009 553 3084 Ξερξεα.

402 3095 470 3156 ‘O
514 3099 698 3158 τοίνυν
738 3099 1006 3206 Ξέρξης’
980 3099 1071 3157 επὶ
1106 3103 1210 3177 μὲν
1244 3126 1348 3176 την
1382 3059 1636 3159 Ἑλλάδα
1677 3098 1931 3174 ουδαμῶς
1954 3103 1992 3158 5

322 3183 671 3264 προθυμος’
636 3213 705 3264 ην
734 3186 851 3246 κατ’
880 3187 1054 3265 ἀρχὰς
1081 3188 1552 3295 στρατευεσθαι,.’
1528 3213 1618 3245 επι
1597 3188 1699 3245 δὲ
1719 3188 1924 3267 Αἴγυπ-

324 3295 416 3332 τον
450 3276 699 3338 ἐποιέετο
736 3281 1005 3354 στρατιῆς
1036 3276 1287 3356 ἄγερσιν·
1315 3300 1534 3353 παρεων
1559 3275 1618 3336 δὲ
1647 3277 1739 3336 καὶ
1771 3275 1924 3338 δυνά-
