2259 3500
364 122 645 221 129—333]
1098 118 1326 169 EPA'm.
1860 124 1956 171 113

358 230 458 264 τον
501 200 767 282 ἀργυρίου
806 196 1057 311 ἑκάστῳ
1062 196 1270 275 δωρεὴν
1309 197 1504 276 δίδωμι
1547 200 1650 274 τῆς
1695 198 1954 269 ἀξιώσιος

362 290 544 350 εἵνεκα
578 291 681 363 τῆς
716 286 839 355 έξ’
812 288 943 362 εμεῦ
977 289 1174 366 γῆμαι,
1203 287 1294 345 καὶ
1331 290 1433 362 τῆς
1472 286 1538 357 ἐξ
1574 286 1728 346 οἴκου
1753 286 1958 395 ἀποδη-

358 378 509 454 μίης·
550 379 628 453 τῷ
654 374 713 433 δὲ
735 372 1117 449 Ἀλκμαίωνος
1135 373 1482 454 Μεγακλέῖ’
1456 378 1636 455 εγγυῶ
1660 374 1834 433 παῖδα
1857 374 1961 450 τὴν

361 462 501 540 ἐμὴν
526 461 885 542 Ἀγαρίστην,
916 458 1142 536 νόμοισι
1167 464 1320 520 τοῖσι
1344 459 1668 537 Ἀθηναίων·
1667 459 1699 481 ”
1781 462 1960 538 φαμέ-

362 576 461 611 νου
491 550 621 697 geo
612 548 924 657 ε’γγυασθαι
964 548 1313 628 Μεγακλέος,
1357 546 1656 625 έκεκυρωτο
1703 548 1736 608 ὅ
1779 547 1962 629 γάμος

362 640 489 696 Κλε
592 637 719 695 ένεῖ.

442 724 627 800 Ἀμφὶ
683 724 789 798 μὲν
845 721 1059 798 κρίσιος
1114 724 1226 781 τῶν
1280 720 1616 799 μνηστήρων
1665 726 1917 782 τοσαῦτα
1938 724 2044 782 131

365 811 599 889 ἐγένετο,
650 810 743 869 καὶ
788 808 930 868 οὕτω
975 808 1408 886 Ἀλκμαιωνίδαι
1461 810 1806 886 ἐβώσθησαν
1854 808 1961 871 άναῖ

364 896 471 972 τήν
519 896 801 956 Ἐλλάδα·
860 895 1069 957 τούτων
1126 896 1188 955 δὲ
1239 897 1704 973 συνοικησάντων,
1750 898 1962 976 γίνεται

368 985 715 1060 Κλεισθένης
759 1008 823 1044 τε
868 1010 901 1045 ο
942 1008 1043 1046 τας
1082 982 1269 1059 φυλὰς
1313 985 1405 1043 καὶ
1442 983 1548 1060 τὴν
1588 984 1962 1061 δημοκρατίην

364 1070 715 1148 Ἀθηναίοισι
741 1072 1117 1147 καταστήσας,
1163 1073 1303 1150 ἔχων
1345 1072 1412 1132 τό
1456 1098 1667 1149 ουνομα
1706 1071 1819 1131 από
1860 1074 1964 1131 τοῦ

366 1160 791 1237 μητροπάτορος
836 1162 937 1219 τοῦ
984 1160 1302 1223 Σικυωνίου·
1344 1158 1504 1224 ουτός
1542 1186 1604 1220 τε
1643 1160 1712 1237 δή
1751 1161 1964 1240 γίνεται

368 1246 676 1329 Μεγακλέῖ,
731 1246 824 1305 καὶ
866 1246 1256 1325 Ἱπποκράτης.
1339 1253 1400 1308 ἐκ
1447 1248 1508 1307 δὲ
1551 1247 1962 1325 Ἱπποκράτεος,

370 1335 704 1415 Μεγακλέης
726 1360 791 1393 τε
829 1333 1021 1407 ἄλλος,
1051 1334 1144 1393 καὶ
1167 1334 1482 1416 Ἀγαρίσ-τη
1515 1336 1686 1413 ἄλλη,
1713 1334 1828 1395 ‹in-6
1863 1340 1965 1411 τῆς

371 1423 745 1484 Κλεισθένεος
767 1420 1109 1501 Ἀγαρίστης
1150 1424 1360 1501 ἔχουσα
1393 1422 1459 1482 τό
1495 1421 1724 1500 οὕνομα·
1763 1422 1804 1498 ἣ
1835 1448 1966 1482 συν-

371 1508 656 1584 οικήσασά
697 1534 759 1568 τε
798 1509 1105 1587 Ξανθίππω
1147 1513 1224 1587 τῷ
1261 1509 1596 1586 Ἀρίφρονος
1640 1511 1732 1569 καὶ
1774 1512 1966 1590 ἔγκυος

372 1598 545 1655 ἐοῦσα
572 1596 680 1655 εἶδε
706 1595 838 1673 ὄψιν
862 1600 921 1655 έν
944 1599 1023 1674 τῷ
1046 1594 1215 1674 ὕπνῳ·
1245 1595 1426 1655 ἐδόκεε
1453 1596 1512 1655 δὲ
1538 1597 1742 1656 λέοντα
1766 1601 1963 1657 τεκεῖν·

373 1684 465 1741 καὶ
487 1682 607 1761 μετ’
633 1682 832 1765 ὀλίγας
855 1681 1065 1760 ἡμέρας
1089 1682 1262 1742 τίκτει
1289 1684 1573 1760 Περικλέα
1597 1684 1922 1762 Ξανθίππῳ.

452 1771 617 1832 Μετα
641 1772 701 1831 δε
724 1771 792 1832 τὸ
819 1776 877 1831 έν
897 1772 1206 1848 Μαραθῶνι
1221 1774 1418 1848 τρῶμα
1441 1770 1754 1851 γενόμενον,
1773 1744 1922 1830 Μιλ-
1945 1774 2060 1831 132

371 1859 561 1936 τιάδης
608 1861 701 1919 καὶ
738 1859 1011 1936 πρότερον
1054 1857 1382 1935 εὐδοκιμέων
1422 1883 1577 1936 παρα
1617 1857 1969 1934 Ἀθηναίοισι

371 1946 499 2007 τότε
538 1951 767 2024 μᾶλλον
796 1946 1013 2016 αυξετο·
1054 1949 1293 2021 αἰτῆσας
1319 1945 1382 2004 δὲ
1417 1946 1542 2008 νέας
1583 1945 1969 2023 ἑβδομήκοντα

375 2034 467 2093 καὶ
509 2033 787 2112 στρατιήν.
819 2059 883 2095 τε
925 2034 1018 2093 καὶ
1059 2033 1323 2112 χρήματα.
1357 2059 1487 2096 τους
1523 2032 1866 2110 Ἀθηναίους,
1903 2033 1968 2094 οὗ

375 2121 603 2200 φράσας
654 2128 767 2198 σφι
812 2121 897 2182 ἐπ’
944 2121 1015 2198 ἣν
1060 2121 1512 2198 ἒπιστρατευεται
1563 2121 1766 2201 χῶρην,
1815 2120 1972 2180 ἀλλὰ

376 2210 491 2285 φοῖς
525 2209 724 2272 αὐτοῦς
766 2213 1193 2268 καταπλουτιεῖν
1229 2208 1299 2284 ἥν
1333 2211 1388 2267 οἱ
1432 2209 1686 2268 ἕπωνται·
1729 2209 1823 2267 ε’ττὶ
1856 2208 1968 2290 γαῖρ

376 2297 563 2374 χώρην
591 2296 851 2370 τοιαύτην
876 2297 945 2371 δή
968 2322 1093 2357 τινα
1119 2295 1270 2367 ἄξειν
1296 2296 1425 2357 ὅθεν
1449 2296 1668 2376 χρυσᾶν
1708 2295 1971 2359 εὐπετέως

379 2381 631 2455 ἄφθονον
672 2383 940 2442 οἴσονται·
982 2385 1162 2464 λέγων
1201 2387 1452 2453 τοιαῦτα,
1496 2385 1642 2444 αἴτεε
1669 2380 1784 2447 ·τοῖς
1823 2384 1970 2447 νέας·

378 2465 667 2542 Ἀθηναῖοι
692 2469 753 2527 δὲ
769 2468 1019 2529 τούτοισι
1044 2471 1371 2548 ἐπαρθέντες
1393 2471 1731 2548 παρέδοσαν.
1812 2476 1931 2530 Πα-
1951 2472 2064 2529 133

379 2555 653 2631 ραλαβων
692 2555 823 2615 δε“
792 2583 823 2618 ο
861 2557 1174 2670 Μιλτιάδης
1213 2583 1320 2634 την
1360 2583 1631 2635 στρατιην
1673 2559 1836 2616 ἔπλεε
1878 2558 1971 2618 ἐπὶ

383 2641 593 2718 Πάρον,
620 2642 977 2721 πρόφασιν”
948 2671 1086 2724 εχων
1126 2671 1196 2708 ως
1235 2649 1288 2706 οἱ
1316 2643 1524 2721 Πάριοι
1550 2644 1802 2722 υπῆρξαν
1836 2645 1972 2722 πρό-

380 2753 531 2804 τεροι
572 2732 1002 2809 στρατευόμενοι
1044 2732 1258 2809 τριήρεϊ
1292 2737 1348 2795 ές
1388 2731 1781 2840 Mapaoffivaq'
1746 2757 1862 2808 αμα
1896 2735 1974 2810 τῷ

384 2817 605 2896 Πέρσῃ
687 2821 873 2900 (τοῦτο
908 2845 1010 2897 μεν
1050 2820 1118 2896 δή
1159 2819 1470 2898 πρόσχημα
1500 2817 1738 2900 λόγου
1701 2843 1790 2893 ην·
1829 2817 1972 2894 α’τάρ

382 2929 505 2964 τινα
532 2906 624 2964 καὶ
650 2908 877 2988 ἔγκοτον
902 2907 1017 2986 ειχε
1040 2912 1195 2968 τοῖσι
1220 2908 1492 2985 Παρίοισι
1521 2905 1612 2965 δια
1637 2904 1974 2986 Λυσαγόρεα

380 2992 481 3053 τὸν
522 2996 741 3068 Τισίεω,
794 2995 954 3056 ε’όντα
996 2997 1158 3077 γένος
1201 2995 1436 3072 Πάριον,
1484 2991 1835 3070 διαβαλόντα
1878 3017 1977 3069 μιν

382 3081 523 3157 πρὸς
546 3081 815 3160 Ὑδάρνεα
844 3083 946 3144 τόν
972 3085 1250 3164 Πέρσην.)
1333 3081 1666 3156 ἀπικόμενος
1696 3081 1758 3139 δὲ
1787 3085 1843 3143 ε’ς
1871 3080 1977 3156 τὴν

379 3169 549 3230 ἔπλεε
580 3171 612 3231 ὁ
640 3172 955 3248 Μιλτιάδης
990 3176 1061 3250 τῇ
1094 3175 1334 3249 στρατιῇ
1362 3167 1683 3243 ἐπολιόρκεε
1710 3167 1974 3244 Παρίους,

382 3260 810 3338 κατειλημένους
842 3258 995 3322 ε’ντὸς
1032 3260 1262 3337 τείχεος·
1306 3255 1398 3315 καὶ
1424 3253 1726 3329 ἐσπέμπων
1766 3253 1977 3332 κήρυκα
