2259 3500
315 111 410 157 288
933 104 1301 155 ἮΡοΔοϊοτ
1786 104 1911 168 [nt.

310 186 440 249 τοῦς
501 184 854 262 δαινυμένους
903 184 1152 261 Πέρσας,
1206 183 1300 241 καὶ
1358 182 1461 243 τᾶν
1516 181 1765 261 στρατόν
1816 186 1915 245 τὰν

313 275 580 350 ἐλίπομεν
619 273 710 331 ἐπὶ
748 275 826 350 τῷ
863 275 1098 350 ποταμῷ
1138 270 1750 348 στρατοπεδευόμενονς
1793 273 1917 333 τού-

310 388 420 422 των
454 359 673 420 πάντων
705 358 885 437 ὄψεαι,
915 358 1114 440 ὀλίγου
1155 358 1302 421 τινός
1337 356 1543 437 χρόνου
1582 358 1913 435 διελθόντος,

313 448 539 529 ὀλίγους
563 447 714 511 τινὰς
747 447 876 510 τοῦς
911 444 1416 527 περιγενομένους.”
1496 446 1673 505 ταῦτά
1704 473 1765 507 τε
1800 447 1917 525 ἅμα

313 535 412 596 vav
433 536 666 612 Πέρσην
691 536 896 614 λέγειν,
918 534 1012 592 καὶ
1035 536 1281 610 μετιέναι
1308 534 1503 593 πολλὰ
1522 538 1633 593 τῶν
1653 534 1916 612 δακρύων·

315 623 479 687 αὐτὸς
532 624 591 682 δὲ
638 622 904 699 θωμάσας
949 621 1048 682 τᾶν
1093 622 1288 703 λόγον,
1334 626 1507 682 εἰπεῖν
1548 622 1688 699 πρὸς
1730 622 1916 684 αὐτόν·

316 722 353 747 “
369 711 542 772 οὖκῶν
577 711 874 790 Μαρδονίῳ
907 737 970 771 τε
1009 714 1187 770 ταῦτα
1225 710 1394 789 χρεόν
1426 715 1549 770 ἐστι
1585 710 1786 791 λέγειν,
1828 713 1919 771 καὶ

311 804 465 861 τοῖσι
494 798 614 877 μετ’
644 803 848 860 ἐκεῖνον
881 804 940 859 ἐν
971 799 1095 876 αἴνῃ
1134 802 1292 857 ἐοῦσι
1332 798 1600 875 Περσέων
1618 796 1666 867 ;”
1720 798 1821 859 τὸν
1862 799 1919 859 δὲ

313 888 456 965 μετὰ
479 892 656 948 ταῦτα
689 890 878 947 εἰπεῖν·
921 897 956 921 “
973 887 1127 959 ξεῖνε,
1167 884 1201 946 ὅ
1233 910 1289 947 τι
1320 886 1405 946 δεῖ
1436 886 1700 967 γενέσθαι
1732 891 1794 945 ἐκ
1820 884 1919 947 τοῦ

317 975 446 1037 θεοῦ
514 974 802 1055 ἀμήχανον
868 974 1183 1052 σῖποτρέψαι
1250 973 1537 1052 ἀνθρώπῳ·
1619 972 1745 1033 οὐδὲ
1810 974 1921 1055 γὰρ

316 1064 494 1124 πιστᾶ
539 1064 774 1144 λέγουσι
820 1062 1000 1122 ἐθέλει
1042 1063 1337 1123 πείθεσθαι
1380 1061 1571 1125 οὐδείς·
1638 1064 1816 1122 ταῦτα
1862 1062 1921 1121 δὲ

318 1152 584 1226 Περσέων
643 1150 843 1228 συχνοὶ
907 1149 1267 1225 ἐπιστάμενοι
1336 1148 1583 1225 ἑπόμεθα
1648 1148 1921 1231 ἀναγκαίῃ

321 1237 672 1313 ἐνδεδεμένοι·
715 1237 949 1315 ἐχθίστη
991 1237 1051 1295 δὲ
1093 1235 1258 1313 ὀδύνη
1302 1238 1424 1297 ἐστὶ
1464 1241 1575 1297 τῶν
1616 1242 1674 1296 ἐν
1715 1236 1921 1315 οἷνθρῶ-

319 1350 480 1383 ποισι
528 1324 682 1400 αὕτη,
729 1325 923 1383 πολλὰ
979 1326 1287 1401 φρονέοντα
1338 1326 1570 1402 μηδενός
1624 1326 1923 1402 κρατέειν.ὀ

317 1416 492 1473 ταῦτα
517 1414 620 1489 μὲν
645 1416 746 1471 τοῦ
784 1410 1153 1491 Ὀρχομενίου
1184 1412 1542 1490 Θερσάνδρου
1580 1412 1799 1488 ἤκουον,
1830 1414 1923 1473 καὶ

246 1556 253 1562 .
317 1500 448 1561 τάδε
493 1528 632 1579 προς
681 1500 952 1571 τούτοισι,
996 1500 1067 1564 ὦς
1106 1499 1270 1564 αὖτός
1310 1500 1507 1561 αὐτίκα
1545 1501 1708 1582 λέγοι
1745 1506 1923 1563 ταῦτα

318 1588 458 1666 πρός
483 1588 802 1666 ἀνθρώπους
836 1588 1106 1667 πρότερον
1137 1586 1175 1665 ἢ
1209 1589 1532 1669 γενέσθαι’
1506 1614 1565 1649 εν
1591 1591 1922 1667 Πλαταιῇσι

319 1678 420 1753 τὴν
445 1678 652 1757 μάχην·

227 1766 305 1827 17
402 1766 722 1842 Μαρδονίου
753 1766 875 1825 δὲ’
849 1793 906 1827 εν
937 1771 1009 1844 τῇ
1045 1765 1284 1845 Βοιωτίῃ
1320 1765 1919 1844 στρατοπεδευομένου,

321 1855 402 1912 οἶ·
424 1856 528 1929 μὲν
580 1852 751 1912 ἄλλοι
803 1855 1139 1932 παρείχοντο
1192 1852 1432 1917 ἅπαντες
1486 1879 1774 1930 στρατιην,
1830 1855 1922 1914 καὶ

243 2004 250 2010 ‚
321 1941 767 2016 συνεσέβαλον’
743 1967 797 2004 ες
819 1940 1116 2014 Ἀθήνας’
1085 1965 1321 2016 οσοιπερ
1350 1941 1607 2016 ἐμήδιζον
1632 1940 1923 2017 Ἑλλήνων

320 2030 430 2087 τῶν
463 2027 638 2104 ταύτῃ
675 2029 993 2102 οἰκημένων·
1034 2032 1233 2102 μοῦνοι
1270 2028 1329 2087 δὲ
1360 2031 1572 2093 Φωκέες
1601 2028 1666 2089 οὖ
1693 2031 1922 2090 συνεσέ-

319 2115 527 2190 βαλον·
591 2113 846 2190 ἐμήδιζον
898 2113 1008 2193 γάρ
1063 2116 1130 2190 δή
1178 2116 1409 2193 σφόδρα
1460 2117 1551 2175 καὶ
1602 2116 1771 2187 οὗτοι,
1822 2115 1923 2176 οὔκ

327 2201 538 2264 ἑκόντες
568 2201 699 2259 ἀλλ’
723 2199 816 2259 ὕπ’
842 2200 1164 2282 ἀναγκαίης·
1205 2205 1451 2282 ἡμέρῃσι
1478 2205 1538 2264 δὲ
1566 2203 1631 2264 οῦ
1664 2208 1923 2283 πολλῇσι

319 2287 462 2365 μετὰ
487 2288 590 2364 τὴν
615 2287 804 2358 ἄπιξιν
827 2289 930 2366 τήν
951 2295 1005 2354 ἐς
1033 2289 1233 2366 Θήβας
1252 2291 1505 2368 ὕστερον,
1534 2292 1715 2367 ἦλθον
1740 2291 1923 2352 αὖτῶν

320 2375 549 2435 ὁπλῖται
578 2377 773 2454 χίλιοι·
813 2376 918 2457 ἦγε
951 2377 1010 2437 δὲ
1047 2378 1245 2442 αὐτοῦς
1271 2378 1619 2456 εΑρμοκύδης
1646 2379 1787 2456 ἀνὴρ
1811 2382 1923 2439 τῶν

321 2461 509 2522 don-‹31›
551 2464 939 2542 δοκιμώτατος·
1000 2467 1118 2524 ἐπεὶ
1156 2467 1215 2526 δὲ
1257 2465 1495 2537 ἀπίκατο
1538 2468 1631 2526 καὶ
1674 2465 1827 2526 οὗτοι
1868 2472 1923 2529 ἐς

321 2551 534 2628 Θήβας,
561 2552 787 2630 πέμψας
815 2552 846 2613 ὁ
874 2551 1191 2630 Μαρδόνιος
1220 2555 1433 2624 ἱππέας,
1458 2555 1721 2615 ἐκέλευσέ
1739 2559 1923 2629 σφεας

321 2638 406 2698 ἐπ’
447 2643 656 2700 ἑωυτῶν
715 2645 773 2700 ἐν
826 2646 902 2720 τῷ
958 2642 1126 2720 πεδίῳ
1186 2642 1419 2712 ἵζεσθαι·
1490 2644 1610 2702 ἐπεὶ
1659 2644 1719 2703 δὲ
1776 2640 1922 2702 ἐποί-

311 2752 468 2803 ησαν
508 2731 700 2797 ταῦτα,
745 2727 939 2787 αὐτίκα
981 2734 1169 2805 παρῆν
1212 2728 1252 2804 ἦ
1296 2730 1463 2792 ἵππος
1510 2730 1725 2791 ἅπασα·
1780 2729 1925 2808 μετὰ

322 2815 382 2873 δὲ
421 2818 612 2885 ταῦτα,
655 2815 911 2890 διεξῆλθε
949 2817 1054 2890 μὲν
1108 2814 1200 2874 διαῖ
1254 2820 1353 2876 τοῦ
1401 2818 1783 2894 στρατοπέδου
1821 2820 1923 2878 τοῦ

320 2898 656 2976 Ἑλληνικοῦ
722 2906 821 2961 τοῦ
882 2900 1024 2976 μετὰ
1086 2902 1296 2978 Μήδων
1357 2904 1543 2968 ἐόντος
1611 2906 1793 2982 φήμη,
1854 2905 1923 2967 ὦς

328 2992 674 3048 κατακοντιεῖ
711 2988 912 3062 σφέας·
968 2988 1224 3062 διεῶλθε
1266 2990 1325 3048 δὲ
1366 2989 1433 3048 δι’
1474 2991 1653 3053 αὐτῶν
1694 2993 1923 3052 Φωκέων

322 3099 496 3133 τωυτο
531 3078 715 3134 τοῦτο·
758 3077 888 3134 ἔνθα
919 3074 989 3150 δή
1027 3081 1141 3151 σφι
1169 3075 1204 3135 ὅ
1240 3077 1556 3158 στρατηγὸς
1578 3079 1926 3156 Ἀρμοκύδης

325 3162 586 3238 παραίνεε
628 3163 810 3242 λέγων
848 3160 1053 3222 τοιαδε·
1109 3172 1145 3198 “
1162 3161 1206 3221 ὧ
1245 3166 1471 3235 Φωκέες,
1512 3167 1772 3244 πρόδηλα
1810 3166 1925 3249 γὰρ

326 3244 414 3302 ὅτι
451 3245 626 3319 ἡμέας
679 3246 833 3306 οὗτοι
885 3275 939 3307 οι
991 3247 1272 3324 ανθρωποι
1324 3253 1607 3326 μέλλουσι
1659 3255 1927 3335 προόπτῳ
