2259 3500
315 134 572 236 ρῖ-ιοο]
936 131 1317 182 mmmm.
1820 131 1917 184 327

313 221 396 297 τῷ
439 217 678 297 αἰγιαλῷ
715 238 790 274 τα
829 210 1088 290 μάλιστα
1127 210 1485 292 Λεινηιχίὸης,
1528 211 1643 272 ύπό
1684 211 1920 289 κήρυκος

316 302 662 386 προηγόρευε
687 305 844 363 τοῖσι
859 300 1022 360 Ἴωσι
1046 301 1247 381 λέγων·
1304 311 1341 336 “
1358 298 1551 376 ανδρες
1573 299 1822 363 ''lomes-‘¹'
1790 326 1920 360 οσοι

315 391 498 468 ὑμέων
547 389 892 499 τυγχάνουσι
943 388 1321 457 ἐπακούοντες,
1368 387 1576 464 μάθετε
1626 414 1699 447 τα
1750 389 1918 469 λέγω·

315 478 536 542 πάντως
558 504 670 559 γαρ
709 476 865 537 οὐδὲν
900 473 1221 552 συνήσουσι
1251 475 1475 551 Πέρσαι
1508 481 1617 535 τῶν
1650 475 1759 556 ἐγω
1788 475 1924 552 ύμῖν

317 567 671 643 ἐντέλλομαι·
740 563 907 624 ἐπεὰν
960 564 1387 644 συμμίσγωμεν,
1426 565 1757 640 μεμνῆσθαί
1795 589 1920 624 τινα

315 653 428 732 χρὴ
470 653 786 730 ἐλευθερίης
829 654 934 729 μὲν
977 651 1211 716 πάντων
1244 653 1481 728 πρῶτον,
1521 677 1663 728 μετα
1703 652 1778 723 δὲ,
1818 657 1921 712 τοῦ

318 741 677 817 συνθήματος
691 740 907 816 Ἠβηφ
951 739 1044 798 καὶ
1067 738 1252 798 τάδε’
1228 763 1367 798 ιστω
1395 739 1487 797 καὶ
1517 737 1550 798 ὁ
1579 765 1661 815 μη
1689 739 1919 799 ἐσακού-

317 852 428 890 σας
484 827 664 904 ὑμέων
715 827 857 903 πρὸς
922 830 1023 886 τοῦ
1082 824 1543 889 ἐπακούσαντοςῖἱ
1624 825 1797 890 ωὗτος
1850 826 1918 903 δη

317 939 482 978 ουτος
506 913 609 974 ε’ων
633 912 898 995 τυγχάνει
921 913 1048 976 νόος
1081 917 1183 972 τοῦ
1216 913 1546 994 πρήγματος
1577 915 1669 973 καὶ
1692 915 1726 976 ὅ
1752 922 1919 992 Θεμι-

317 1002 592 1066 στοκλέος
631 1001 664 1062 ὁ
705 1001 789 1062 ἐπ’
829 1000 1185 1080 Ἀρτεμισίῳ·
1224 999 1263 1077 ἢ
1302 1001 1413 1082 γάρ
1453 1001 1521 1077 δή
1561 1003 1809 1063 λαθόντα
1847 1003 1921 1063 w)

315 1089 542 1166 ρήματα
564 1115 694 1154 τους
715 1088 1051 1168 βαρβάρους
1077 1089 1283 1165 ἔμελλε
1313 1115 1443 1152 τους
1460 1088 1657 1154 Ἴωνας
1685 1092 1916 1161 πείσειν,

315 1175 354 1252 ἢ
380 1179 572 1238 ἔπειτα
603 1177 988 1256 ανενειχθέντα
1024 1180 1079 1240 ἐς
1111 1201 1241 1240 τους
1279 1177 1628 1255 βαρβάρους,
1660 1179 1919 1254 ποιήσειν

317 1263 590 1330 απίστους
615 1265 794 1347 [τοῖσι
807 1263 1109 1345 Ελλησι].

395 1353 742 1432 Λευτυχίδεω
768 1353 828 1412 δὲ
852 1356 1028 1413 ταῦτα
1053 1352 1413 1429 υποθεμένου,
1440 1354 1665 1432 δεύτερα
1692 1354 1762 1431 δη
1788 1354 1921 1415 τάδε
1936 1359 2011 1416 99

319 1440 538 1500 ἐποίευν
562 1443 618 1499 οἱ
629 1440 925 1516 Ἕλληνες·
953 1437 1303 1518 προσχόντες
1326 1439 1429 1502 τοὶς
1452 1442 1593 1509 νέας,
1616 1440 1920 1519 α’πέβησαν

319 1532 375 1591 ἐς
412 1528 512 1588 τᾶν
551 1526 827 1608 αἰγιαλόν·
897 1529 988 1588 καὶ
1029 1526 1183 1588 οὗτοι
1220 1529 1325 1603 μὲν
1364 1526 1696 1588 ἐτάσσοντο·
1766 1533 1819 1589 οἱ
1859 1531 1920 1590 δὲ

319 1617 545 1692 Πέρσαι
579 1615 650 1678 ὥς
683 1615 830 1675 εἶδον
852 1616 981 1679 τούς
1008 1615 1300 1692 Ἕλληνας
1328 1616 1921 1694 παρασκευαζομένους

319 1708 376 1767 ἐς
397 1702 603 1784 μάχην,
631 1704 724 1764 καὶ
754 1707 908 1764 τοῖσι
930 1703 1094 1764 Ἴωσι
1128 1702 1589 1781 παραινέσαντας,
1614 1708 1781 1766 τοῦτο
1816 1709 1921 1784 μὲν

316 1792 728 1867 ὑπονοήσαντες
766 1791 896 1855 τούς
932 1793 1176 1868 Σαμίους
1214 1791 1287 1851 τὰ
1320 1791 1611 1868 Ἑλλήνων
1647 1795 1915 1870 φρονέειν,

319 1878 676 1957 ἀπαιρέονται
700 1879 773 1939 τοὶ
799 1878 970 1940 ὅπλα·
1015 1882 1068 1939 οἱ
1091 1879 1203 1960 γάρ
1232 1878 1305 1940 ὧν
1332 1879 1551 1957 Σάμιοι,
1574 1882 1918 1959 ἀπικομένων

316 1965 624 2043 Ἀθηναίων
665 1966 1035 2047 αἰχμαλώτων
1077 1972 1137 2027 ἐν
1177 1972 1315 2047 τῇσι
1348 1969 1513 2044 νηυσὶ
1547 1972 1658 2029 τῶν
1691 1970 1918 2047 βαρβά-

316 2081 443 2132 ρων,
468 2055 597 2119 τούς
621 2055 840 2133 ἔλαβον
867 2053 974 2116 dmi
1007 2054 1110 2131 τήν
1144 2053 1405 2131 Ἀττικὴν
1441 2056 1837 2134 λελειμμένους
1864 2060 1918 2117 οἱ

317 2142 549 2220 Ξέρξεω,
609 2144 838 2207 τούτους
889 2143 1203 2220 λυσάμενοι
1253 2143 1465 2207 πάντας
1517 2142 1917 2221 ἀποπέμπουσι

319 2230 711 2293 ἐποδιάσαντες
737 2236 794 2293 ἐς
815 2230 914 2293 τὰς
937 2230 1195 2306 Ἀθήνας·
1225 2234 1335 2290 τῶν
1362 2232 1563 2291 εἵνεκεν
1589 2232 1687 2291 οὐκ
1714 2232 1920 2309 ἥκιστα

317 2314 564 2393 ὑποψίην
610 2316 778 2394 εἶχον,
819 2317 1190 2377 πεντακοσίας
1236 2318 1487 2390 κεφαλάς
1538 2323 1649 2379 τῶν
1701 2320 1919 2397 Ξέρξεω

317 2403 601 2478 πολεμίων
641 2404 967 2480 λυσάμενοι·
1029 2406 1197 2462 τοῦτο
1238 2402 1298 2463 δὲ
1335 2403 1435 2467 τοὶς
1475 2405 1686 2469 διόδους
1723 2408 1823 2471 τοίς
1864 2414 1919 2472 ἐς

316 2488 416 2553 τοὶς
443 2489 692 2565 κορυφᾶς
720 2494 821 2566 τῆς
857 2490 1132 2565 Μυκάλης
1160 2490 1445 2568 φερούσας
1478 2493 1920 2568 προστάσσουσι

314 2581 468 2638 τοῖσι
501 2577 848 2653 Μιλησίοισι
880 2577 1219 2654 φυλάσσειν,
1250 2577 1321 2641 ὥς
1362 2579 1785 2656 ἐπισταμένοισι
1825 2581 1919 2657 δῆ-

318 2664 414 2725 θεν
444 2663 702 2742 μάλιστα
734 2664 840 2741 τὴν
873 2665 1077 2746 χώρην·
1118 2665 1337 2726 ἐποίευν
1373 2666 1433 2725 δὲ
1464 2667 1664 2726 τούτου
1702 2669 1917 2739 εἵνεκεν,

317 2752 407 2811 ἵνα
434 2752 590 2817 ἐκτὸς
608 2757 710 2813 τοῦ
738 2754 1118 2831 στρατοπέδου
1148 2753 1299 2812 ἔωσι·
1326 2752 1553 2816 τούτους
1577 2756 1680 2829 μὲν
1702 2754 1915 2826 Ἰώνων,

314 2843 469 2899 τοῖσι
495 2840 587 2899 καὶ
613 2841 936 2902 κατεδόκεον
963 2839 1206 2921 νεοχμόν
1242 2838 1310 2901 ἄν
1342 2866 1397 2901 τι
1422 2841 1628 2902 ποιέειν
1659 2841 1920 2919 δυνάμιος

315 2929 801 3005 ἐπιλαβομένοισι,
863 2929 1128 3006 τρόποισι
1189 2927 1496 2987 τοιούτοισι
1552 2930 1916 3006 προεφυλάσ-

315 3040 488 3075 σοντο
521 3020 574 3075 οἱ
610 3018 852 3094 Πέρσαι·
896 3016 1054 3076 αὐτοὶ
1095 3016 1156 3075 δὲ
1196 3014 1597 3092 συνεφόρησαν
1634 3016 1706 3077 τά
1745 3019 1919 3099 γέρρα

315 3102 473 3181 ἕρκος
501 3105 643 3165 εἶναί
668 3112 796 3182 σφι.

393 3190 492 3257 Ὡς
517 3194 577 3253 δὲ
602 3192 710 3272 ἄρα
735 3192 1193 3272 παρεσκευάδατο
1216 3195 1371 3254 τοῖσι
1394 3190 1669 3268 Ἕλλησι,
1694 3219 1875 3271 προσ·
1896 3194 2013 3255 100

311 3277 485 3358 ήῐσαν
517 3281 660 3361 πρὸς
691 3280 824 3347 τούς
852 3279 1207 3359 βαρβάρους·
1255 3282 1407 3339 ἰοῦσι
1430 3279 1496 3339 δέ
1524 3285 1638 3355 σφι
1664 3281 1831 3358 φήμη
1855 3306 1921 3343 τε
