2259 3500
345 140 625 205 157—160]
1010 138 1380 188 ΠΟΔΤΜΝῙΑ.
1843 140 1938 189 185

340 220 534 284 τοντός
557 246 620 280 τε
638 218 737 279 τόν
757 220 997 296 Δωριέος
1014 221 1115 279 τοῦ
1140 217 1570 296 Ἀναξανδρίδεω
1589 217 1729 294 πρός
1741 216 1936 298 Ἐγεσ-

339 310 507 369 ταίων
523 308 699 385 φόνον
718 307 1119 385 ἐκπρήξασθαι,
1132 306 1516 369 ὖποτείνοντός
1527 332 1588 366 τε
1606 306 1676 367 τὰ
1697 306 1937 383 ἐμπόρια

340 397 787 474 συνελευθεροῦν,
814 395 908 454 ἀπ’
936 393 1010 455 ὧν
1040 396 1172 471 ύμῖν
1201 396 1446 476 μεγάλαι
1479 394 1716 470 ὠφελίαι
1750 420 1813 454 τε
1847 397 1938 454 καὶ

338 485 661 562 ἐπαυρέσιες
693 483 979 564 γεγόνασι,
1012 482 1140 543 οὔτε
1175 487 1310 560 ἐμεῦ
1346 484 1526 543 εἵνεκα
1559 481 1764 558 ἤλθετε
1794 483 1934 558 βοη-

338 571 607 647 θήσοντες
645 570 772 631 οὔτε
806 572 905 632 τὸν
938 572 1181 648 Δωριέος
1215 570 1390 647 φόνον
1425 569 1836 648 ἐκπρηξόμενοι,
1867 568 1937 630 τό

334 686 397 720 τε
424 659 541 720 κατ’
567 659 737 737 ὑμέας
760 659 893 720 τάδε
926 658 1145 720 ἅπαντα
1171 658 1281 719 ὑπὸ
1311 659 1667 736 βαρβάροισι
1694 658 1935 736 νέμεται·

336 745 493 807 ἀλλά
525 747 585 807 εὖ
614 747 723 827 γὰρ
754 746 891 823 ἡμῖν
923 748 1015 806 καὶ
1050 748 1144 806 ἐπὶ
1176 746 1244 806 τὸ
1280 746 1504 823 ἄμεινον
1537 746 1796 822 κατέστη·
1839 750 1936 807 νῦν

338 834 397 893 δὲ
444 834 631 910 ἐπειδη
677 834 1048 911 περιελήλυθε
1092 834 1125 895 ὁ
1174 834 1421 912 πόλεμος
1466 836 1557 894 καὶ
1603 834 1834 895 ἀπῖκται
1881 840 1936 898 ἐς

336 920 525 997 υμέας,
562 949 703 984 ουτω
744 923 811 999 δη
853 924 1102 985 Γέλωνος
1141 927 1378 1000 μνῆστις
1416 925 1630 1005 γέγονε.
1712 922 1934 999 ἀτιμίης

336 1010 397 1069 δὲ
431 1011 570 1088 πρὸς
602 1011 782 1088 ὑμέων
820 1010 1065 1087 κυρήσας
1102 1011 1200 1071 οὐκ
1241 1011 1592 1088 ὁμοιώσομαι
1631 1011 1760 1088 υμῖν
1801 1009 1931 1070 ἀλλ’

334 1100 553 1177 ετοῖμός
580 1125 690 1176 ειμι
715 1099 993 1176 βοηθέειν,
1016 1098 1394 1177 παρεχόμενος
1421 1100 1706 1175 διηκοσίας
1731 1125 1791 1158 τε
1817 1124 1930 1176 τρι-

334 1186 499 1264 ήρεας
534 1189 627 1247 καὶ
656 1188 979 1264 δισμυρίους
1012 1186 1264 1255 ὁπλίτας,
1299 1188 1392 1245 καὶ
1425 1187 1708 1266 δισχιλίην
1741 1188 1928 1256 ἵππον,

336 1274 427 1333 καὶ
452 1276 765 1354 δισχιλίους
794 1275 1041 1344 τοξότας,
1071 1275 1163 1333 καὶ
1195 1275 1507 1353 δισχιλίους
1531 1275 1928 1350 σφενδονήτας,

337 1363 427 1421 καὶ
453 1364 763 1443 δισχιλίους
789 1362 1166 1439 ἱπποδρόμους
1192 1362 1410 1440 ψιλούς·
1451 1362 1614 1423 σῖτόν
1638 1389 1698 1423 τε
1733 1362 1930 1441 ἁπάσῃ

334 1452 406 1527 τῇ
428 1450 717 1527 Ἑλλήνων
750 1455 990 1529 στρατιῇ
1018 1449 1131 1511 ἔστ’
1159 1448 1226 1510 ἂν
1259 1450 1760 1527 διαπολεμήσωμεν
1795 1450 1928 1510 ὕπο-

336 1536 561 1613 δέκομαι
578 1538 851 1615 παρέξειν·
880 1539 970 1597 ἐπὶ
992 1538 1049 1597 δὲ
1068 1538 1222 1619 λόγῳ
1237 1538 1426 1615 τοιῷδε
1445 1538 1578 1597 τάδε
1591 1536 1924 1615 ὕπίσχομαι·

336 1624 420 1683 ἐπ’
440 1622 483 1703 ᾧ
502 1625 814 1704 στρατηγός
838 1652 901 1685 τε
928 1626 1018 1685 καὶ
1044 1626 1266 1706 ἦγεμῶν
1284 1630 1392 1685 τῶν
1416 1624 1706 1700 Ἑλλήνων
1725 1626 1928 1701 ἔσομαι

333 1710 475 1789 πρός
498 1711 596 1772 τᾶν
620 1712 939 1791 βάρβαρον·
980 1712 1063 1773 ἐπ’
1083 1711 1243 1793 ἄλλῳ
1271 1714 1332 1772 δὲ
1356 1712 1510 1793 λόγῳ
1539 1711 1651 1773 οὔτ’
1671 1710 1738 1772 ἂν
1763 1711 1928 1776 αὐτὸς

334 1800 555 1876 ἔλθοιμι
579 1800 693 1861 οὔτ’
712 1799 779 1860 ἂν
798 1799 1009 1866 ἅλλους
1035 1801 1369 1880 πέμψαιμι.”
1428 1805 1616 1860 Ταῦτα
1643 1799 1888 1864 α’κούσας
1908 1804 2020 1860 159

332 1885 457 1948 οὔτε
485 1888 759 1968 ἠνέσχετο
791 1890 823 1949 ὁ
858 1891 1108 1971 Σύαγρος
1142 1890 1262 1949 εἶπέ
1291 1915 1368 1965 τε,
1387 1889 1534 1949 τάδε·
1579 1887 1666 1964 “ἦ
1706 1913 1766 1947 κε
1801 1887 1924 1969 μέγ’

330 1977 609 2053 οἰμώξειεν
674 1976 707 2036 6
761 1979 1099 2088 Πελοπίδης
1167 1977 1546 2058 Ἀγαμέμνων,
1615 1974 1926 2051 πυθόμενος

329 2065 683 2140 Σπαρτιήτας
707 2063 811 2140 τὴν
836 2065 1138 2145 ἡγεμονίην
1161 2063 1640 2141 ἀπαραιρῆσθαιε
1608 2063 1717 2124 υπὸ
1744 2065 1926 2123 Γέλω-

326 2151 417 2214 νός
442 2177 503 2210 τε
532 2153 624 2211 καὶ
651 2153 1060 2229 Συρηκουσίων·
1094 2152 1249 2212 ἀλλά
1275 2152 1474 2212 τούτου
1500 2156 1602 2226 μὲν
1615 2156 1722 2212 τοῦ
1748 2150 1924 2232 λόγου

324 2239 521 2313 μηκέτι
552 2239 886 2318 μνησθῇς,”
854 2265 992 2302 οκως
1022 2239 1125 2316 τήν
1151 2240 1450 2321 ἡγεμονίην
1474 2266 1562 2298 τοι
1598 2240 1924 2317 παραδωσο·

325 2349 447 2397 μεν·
490 2323 638 2395 ἀλλ’,
670 2330 715 2384 ει
740 2329 843 2401 μὲν
867 2327 1109 2401 βούλεαι
1135 2329 1400 2405 βοηθέειν
1424 2333 1496 2406 τῇ
1521 2327 1774 2397 Ἑλλάδι,
1803 2328 1925 2388 ἴσθι

326 2370 687 2487 αρξόμενος,ε
654 2413 763 2472 υπὸ
792 2413 1256 2491 Λακεδαιμονίων·
1301 2420 1348 2475 εἰ
1379 2415 1425 2474 δ’
1453 2442 1562 2492 αρα
1585 2443 1666 2493 μη
1696 2417 1923 2480 δικαιοῖς

326 2495 619 2575 αρχεσθαι,
652 2525 725 2558 συ
753 2501 812 2558 δὲ
835 2526 917 2607 μη
944 2503 1224 2577 βοηθέειν.
1225 2502 1254 2521 ”
1325 2503 1480 2579 Πρός
1503 2509 1678 2563 ταῦτα
1715 2503 1747 2564 6
1785 2505 1882 2562 Γέ-
1903 2505 2020 2562 160

323 2586 455 2654 λων,
500 2586 687 2662 ἐπειδὴ
724 2587 839 2666 ὥρα
878 2587 1376 2667 ἀπεστραμμένους
1415 2617 1543 2653 τους
1581 2591 1786 2671 λόγους
1823 2596 1924 2650 τοῦ

326 2670 599 2751 Συάγρου,
625 2673 724 2733 τὸν
754 2676 1073 2736 τελευταῖόν
1106 2687 1219 2754 σφι
1249 2677 1406 2738 τόνδε
1442 2678 1694 2752 ἐξέφαινε
1727 2677 1920 2757 λόγον·

325 2767 361 2792 “
392 2756 419 2781 ’
380 2760 589 2829 ωξεῖνε
622 2763 963 2840 Σπαρτιῆτα,
992 2763 1204 2824 ὀνείδεα
1236 2765 1494 2826 κατιόντα
1527 2763 1796 2842 ἀνθρώπω
1829 2770 1920 2839 φι-

321 2846 440 2904 λέει
478 2849 769 2930 ἐπανάγειν
805 2851 904 2912 τόν
942 2852 1138 2929 θυμόν·
1181 2879 1256 2914 συ
1289 2854 1482 2930 μέντοι
1515 2850 1923 2928 ἀποδεξάμενος

322 2933 654 3013 ὖβρίσματα
681 2943 739 2998 ἐν
769 2943 845 3018 τῷ
876 2941 1045 3022 λόγῳ,
1079 2940 1145 3000 οὔ
1177 2967 1250 3018 με
1280 2943 1508 3004 ἔπεισας
1537 2939 1838 3018 ἀσχήμονα
1866 2944 1924 2999 ἐν

318 3026 391 3099 τῇ
418 3022 638 3104 ἀμοιβῇ
666 3028 945 3108 γενέσθαι·
988 3027 1123 3088 ὅκου
1155 3029 1215 3088 δὲ
1245 3029 1401 3106 ὑμεῖς
1428 3028 1568 3087 οὕτω
1594 3028 1923 3104 περιέχεσθε

318 3113 419 3185 τῆς
460 3113 775 3195 η’γεμονίης,
804 3116 953 3179 οἷκός
994 3118 1086 3175 καὶ
1127 3119 1226 3194 ἐμὲ
1263 3121 1489 3193 μᾶλλον
1530 3114 1708 3191 ὖμέων
1747 3115 1924 3190 περιέ-

316 3201 542 3278 χεσθαι,
585 3206 855 3281 στρατιῆς
893 3229 955 3262 τε
995 3203 1154 3264 ἐόντα
1195 3203 1639 3277 πολλαπλασίης
1677 3201 1924 3282 ἡγεμόνα

319 3290 411 3348 καὶ
438 3295 582 3367 νηῶν
610 3290 762 3352 πολι)
795 3291 1065 3349 πλεύνων·
1106 3290 1240 3348 ἀλλ’
1270 3289 1394 3348 ἐπεί
1424 3314 1486 3347 τε
1517 3288 1648 3364 ὑμῖν
1683 3288 1714 3347 ὁ
1752 3287 1921 3368 λόγος
