2259 3500
293 139 367 210 182
913 141 1278 192 ‘HPvo'l'ooe
1796 141 1887 208 [V.

293 226 486 287 ναῖκας
519 222 660 303 ἔχων
689 221 787 282 δύο
819 220 975 292 διξαῖς
1009 221 1191 284 ἶστίας
1224 221 1383 292 οἴκεε,
1410 221 1612 282 ποιέων
1644 220 1895 300 ούδαμῶς

197 314 270 372 41
296 309 693 388 Σπαρτιητικά.
767 309 988 387 Χρόνου
1029 309 1090 368 δὲ
1130 307 1197 368 οὗ
1230 311 1455 368 πολλοῦ
1494 309 1825 383 διελθόντος,
1852 311 1893 388 ἦ

293 399 599 476 ἐσύστερον
631 398 955 458 ἐπελθοῦσα
979 396 1120 480 γυνή
1145 397 1317 457 τίκτει
1340 396 1442 456 τὸν
1468 395 1537 472 δὴ
1564 399 1893 475 Κλεομένεα

291 489 508 547 τοῦτον·
561 487 654 545 καὶ
685 484 826 561 αὕτη
857 511 919 546 τε
951 485 1186 562 ἔφεδρον
1216 485 1471 560 βασιλέα
1505 484 1893 565 Σπαρτιήτῃσι

292 573 585 649 ἀπέφαινε,
624 573 716 632 καὶ
746 572 785 648 ἦ
817 573 1062 650 προτέρη
1097 570 1238 652 γυνὴ
1264 570 1365 632 τᾶν
1387 571 1662 649 πρότερον
1686 573 1893 652 χρόνον

289 659 490 724 ἄτοκος
541 664 715 720 ἐοῦσα
767 659 895 720 τότε
949 663 1056 722 κῶς
1114 658 1337 735 ἐκύησε,
1391 659 1663 739 συντυχίῃ
1715 662 1891 740 ταύτῃ

289 748 640 826 χρησαμένη.
682 748 926 827 ἔχουσαν
967 747 1026 806 δὲ
1067 745 1242 822 αὐτὴν
1280 745 1485 823 α’ληθέῖ
1514 746 1670 828 λόγῳ
1706 750 1761 808 οἳ
1789 753 1893 825 τῆς

223 849 232 856 “
291 834 640 912 ἐπελθούσης
670 834 928 916 γυναικὸς
959 832 1160 910 οἰκήῖοι
1194 832 1498 910 πυθόμενοι
1525 833 1755 913 ὤχλεον,
1782 835 1891 912 φοί-

287 947 445 1000 μενοι
471 922 644 998 αὐτὴν
671 922 932 1000 κομπέειν
957 920 1147 984 ἄλλως
1170 921 1529 997 βουλομένην
1561 921 1891 999 ῦποβαλέσ-

289 1009 403 1069 θαι·
445 1010 594 1070 &wei
631 1010 692 1069 δὲ
726 1008 1024 1069 ποιεύντων
1061 1007 1255 1082 αὐτῶν,
1281 1011 1383 1068 τσῦ
1412 1007 1620 1087 χρόνου
1647 1010 1881 1088 συντάμ·

291 1121 498 1166 νοντος,
519 1096 611 1156 ὕπ’
633 1094 897 1173 ἀπιστίης
923 1098 976 1155 οἱ
1003 1095 1201 1173 ἔφοροι
1218 1095 1518 1156 τίκτουσαν
1534 1095 1639 1173 τὴν
1656 1101 1889 1178 γυναῖκα

289 1183 660 1260 περιῖζόμενοι
697 1182 1003 1260 ἐφύλαξαν·
1043 1182 1081 1258 ἦ
1113 1183 1175 1242 δὲ
1201 1182 1272 1246 ὦς
1298 1184 1447 1243 ἔτεκε
1480 1185 1699 1260 Δωριέα
1737 1185 1893 1248 ἰθέως

291 1271 446 1348 ἴσχει·
469 1270 766 1346 Λεωνίδην,
795 1270 888 1329 καὶ
911 1269 1056 1347 μετσῖ
1079 1273 1280 1330 τοῦτον
1307 1271 1461 1334 ἰθέως
1487 1272 1639 1350 ἴσχει
1665 1271 1891 1349 Κλεόμ-

288 1358 520 1434 βροτον·
576 1361 631 1418 οἱ
673 1357 733 1418 δὲ
768 1358 860 1417 καὶ
901 1357 1160 1435 διδύμους
1199 1358 1437 1439 λέγουσι
1478 1359 1893 1436 Κλεόμβροτόν

289 1458 353 1505 τε
389 1446 481 1505 καὶ
511 1445 790 1521 Λεωνίδην
814 1446 1099 1526 γενέσθαι·
1140 1443 1180 1519 ἦ
1208 1445 1267 1504 δὲ
1294 1446 1620 1522 Κλεομένεα
1649 1452 1892 1507 τεκοῦσα

295 1532 388 1590 καὶ
424 1532 492 1593 τό
533 1532 785 1610 δεύτερον
829 1532 1149 1592 ἐπελθοῦσα
1202 1531 1361 1612 γυνὴ,
1416 1537 1590 1592 ἐοῦσα
1643 1533 1891 1615 θυγάτηρ

291 1620 648 1698 Πρινητάδεω
685 1624 788 1682 τοῦ
815 1620 1221 1698 Δημαρμένου,
1234 1618 1419 1681 οὐκέτι
1458 1621 1635 1681 ἔτικτε
1667 1622 1737 1682 τὸ
1776 1621 1890 1683 δεύ-

289 1733 470 1786 τερον.
741 1705 745 1708 ’
1098 1699 1106 1711 “
1533 1699 1545 1710 ⁴
1569 1703 1577 1710 ⁸

161 1854 172 1869 ,
192 1797 270 1854 42
368 1795 438 1857 ‘O
473 1799 578 1875 μὲν
613 1797 682 1874 δὴ
709 1797 1057 1874 Κλεομένης,
1085 1797 1159 1860 ὦς
1183 1798 1426 1877 λέγεται,
1454 1794 1526 1872 ἦν
1549 1821 1613 1856 τε
1634 1796 1699 1856 οὗ
1726 1803 1891 1875 φρεν-

286 1882 426 1960 ήρης
479 1884 796 1961 ἀκρομανής
833 1909 912 1953 τε,
955 1882 987 1942 ὅ
1029 1882 1090 1941 δὲ
1130 1883 1375 1960 Δωριεύς
1416 1882 1488 1959 ἦν
1537 1886 1649 1944 τῶν
1683 1883 1892 1960 ἡλίκων

286 1969 508 2030 πάντων
546 1975 784 2045 πρῶτος·
839 1967 898 2027 εὖ
938 1993 1002 2027 τε
1042 1970 1315 2031 ἐπίστατο
1357 1970 1475 2030 κατ’
1517 1970 1893 2053 ἀνδραγαθίην

287 2054 458 2119 adv-65
497 2054 734 2135 σχήσων
770 2054 876 2131 τὴν
914 2056 1251 2134 βασιληίην·
1293 2057 1439 2117 ὥστε
1472 2057 1547 2118 ὦν
1584 2058 1725 2118 οὕτω
1754 2065 1891 2137 φρο-

292 2144 441 2213 νέων,
470 2142 656 2219 ἐπειδὴ
684 2141 719 2203 ὅ
743 2168 806 2203 τε
830 2141 1256 2221 Ἀναξανδρίδης
1291 2144 1535 2204 ἀπέθανε
1572 2145 1664 2203 καὶ
1698 2148 1752 2204 οἳ
1778 2152 1891 2205 Λα-

289 2229 623 2307 κεδαιμόνιοι
657 2229 962 2308 χρεώμενοι
994 2234 1073 2310 τῷ
1108 2230 1261 2311 νόμῳ
1295 2231 1612 2307 ἐστήσαντο
1637 2233 1894 2307 βασιλέα

286 2316 387 2377 τόν
426 2318 823 2395 πρεσβύτατον
870 2320 1215 2396 Κλεομένεα,
1257 2319 1289 2379 ὁ
1332 2318 1576 2396 Δωριεῦς
1616 2318 1793 2379 δεινόν
1830 2346 1894 2380 τε

287 2404 611 2481 ποιεύμενος
637 2407 730 2465 καὶ
756 2404 856 2465 οὔκ
882 2405 1050 2476 α’ξιῶν
1083 2405 1196 2466 ὕπὸ
1235 2407 1587 2482 Κλεομένεος
1619 2406 1893 2482 βασιλεύ-

288 2492 470 2562 εσθαι,
513 2492 749 2569 αἰτήσας
788 2492 931 2553 λαὸν
977 2492 1409 2571 Σπαρτιήτας”
1374 2519 1477 2574 αγε
1517 2499 1574 2556 ἐς
1614 2493 1892 2572 αποικίην,

289 2576 416 2639 οὔτε
465 2583 544 2659 τῷ
595 2584 655 2641 ἐν
712 2584 1002 2656 Δελφοῖσι
1052 2581 1378 2660 χρηστηρίω
1429 2580 1788 2658 χρησάμενος
1838 2586 1895 2644 ἐς

286 2664 482 2743 ἥντινα
533 2671 646 2748 γῆν
698 2668 905 2728 κτίσων
959 2694 1032 2747 ιῃ,
1087 2667 1216 2728 οὔτε
1270 2665 1519 2742 ποιήσας
1576 2664 1736 2724 οὐδὲν
1784 2670 1896 2727 τῶν

289 2753 677 2831 νομιζομένων,
722 2755 814 2815 οἶα
859 2754 921 2814 δὲ
962 2755 1183 2832 βαρέως
1238 2757 1423 2830 φέρων
1476 2752 1630 2812 α’πίει
1684 2756 1741 2815 ἐς
1790 2752 1896 2830 τὴν

287 2840 512 2917 Λιβύην
545 2841 618 2902 τσῖ
643 2846 839 2902 πλοῖα·
883 2843 1221 2923 κατηγέοντο
1248 2842 1312 2902 δέ
1336 2844 1389 2900 οἱ
1420 2839 1613 2918 ἄνδρες
1636 2844 1895 2918 Θηραῖοι.

290 2928 623 3006 ἀπικόμενος
663 2929 709 2989 δ’
752 2935 806 2993 ἐς
847 2931 1087 3000 Κίνυπα,
1132 2932 1313 2991 οἴκισε
1351 2932 1537 3008 χῶρον
1580 2927 1896 2990 κάλλιστον

286 3020 398 3077 τῶν
431 3018 662 3095 Λιβύων
695 3018 850 3097 παρὰ
883 3018 1160 3094 ποταμόν·
1206 3018 1528 3089 ἐξελασθεὶς
1554 3016 1615 3076 δὲ
1646 3017 1895 3077 ἐνθεῦτεν

289 3106 454 3185 τρίτῳ
495 3108 603 3167 ἔτεϊ
639 3107 749 3169 ὖπὸ
791 3107 1029 3166 Μακέων
1062 3132 1125 3166 τε
1162 3106 1255 3166 καὶ
1284 3107 1516 3183 Λιβύων
1544 3104 1635 3164 καὶ
1663 3109 1891 3183 Καρχη-

195 3190 273 3251 43
291 3191 501 3266 δονίων,
529 3195 758 3257 ἀπίκετο
795 3201 850 3261 ἐς
885 3195 1349 3275 Πελοπόννησον.
1431 3194 1709 3256 Ἑνθαῦτα
1744 3192 1809 3250 δέ
1838 3192 1894 3248 01

291 3275 639 3361 Ἀντιχάρης,
677 3284 819 3365 ἀνὴρ
869 3282 1164 3350 Ἐλεώνιος
1214 3282 1637 3363 συνεβούλευσε
1682 3282 1745 3337 ἑκ
1782 3277 1897 3336 τῶν
