2259 3500
283 141 370 188 ιε
907 139 1298 188 .·ΗΡοΔοΤοτ
1661 137 1667 144 ·
1822 141 1915 208 [V.

301 215 726 293 ἀρρωδήσαντες
751 214 942 276 αὔτοῧ.
1013 217 1138 274 ἐπεί
1169 242 1231 275 τε
1258 216 1319 276 δὲ
1344 220 1398 276 οῖ
1418 211 1665 288 Παίονες
1690 218 1917 280 ἀπικέα-

301 330 368 363 το
398 304 489 362 ἐπὶ
518 302 824 364 θάλασσαν
853 305 1107 364 ἐνθεῦτεν
1127 309 1183 368 ἐς
1210 306 1353 365 Χίον
1381 304 1675 382 διέβησαν·
1718 306 1917 370 ἐόντων

300 392 360 450 δὲ
387 390 495 468 ἤδη
527 398 584 452 ἐν
604 393 741 471 Χίῳ,
773 391 916 452 κάτά
944 393 1121 457 πόδας
1149 392 1437 469 ἐληλύθεε
1451 395 1719 472 Περσέων
1748 396 1916 462 ἵππος

299 479 498 557 πολλή
541 478 821 540 διώκουσα
855 481 986 544 τοῦς
1020 482 1291 546 Παίονας.
1375 482 1446 545 ὥς
1478 483 1542 543 ,δὲ
1576 482 1641 542 οὗ
1681 484 1913 545 κατέλα-

296 571 429 646 βον,
461 561 885 650 ἐπηγγέλλοντο
929 573 985 633 ἐς
1017 569 1125 645 τήν
1151 572 1294 632 Χίον
1331 574 1485 631 τοῖσι
1503 573 1747 643 .Παίοσι,
1774 573 1913 639 ὅκως

296 654 369 716 ἂν.
394 655 580 716 ὀπίσω
605 655 927 717 ἀπέλθοιεν·
971 659 1025 717 οἱ
1057 657 1117 717 δὲ
1145 658 1549 721 Παίονεςιτοῦς
1577 659 1786 740 λόγους
1812 661 1909 722 οὐκ

297 743 648 805 ἐνεδέκοντο·
679 744 810 804 ἀλλ’
838 750 898 806 ἐκ
926 747 1071 805 Χίου
1097 749 1202 822 μὲν
1228 748 1367 806 Χῖοί
1384 752 1569 821 σφεας
1596 751 1651 809 ἐς
1670 747 1910 824 Λέσβον

294 831 529 913 ἤγαγον,
557 832 808 908 Λέσβιοι
843 832 904 892 δὲ
931 838 986 896 ἐς
1015 835 1301 910 Δορίσκον
1328 833 1619 910 ἐκόμισαν·
1661 835 1909 896 ἐνθεῦτεν

299 920 360 979 δὲ
397 921 540 1000 πεζῇ
585 921 938 998 κομιζόμενοι
977 921 1249 981 ἀπικέατο
1290 925 1346 985 ἐς
1388 924 1679 998 Παιονίην.

198 1007 273 1068 99
371 1007 784 1088 Ἀρισταγόρης
813 1009 947 1079 δὲ,’
921 1035 1040 1068 επει
1073 1037 1110 1085 η
1146 1035 1199 1068 οι
1180 1010 1291 1068 ''u-e
1316 1009 1674 1086 Ἀθηναῖοι’
1637 1013 1907 1073 απικέατο

293 1096 473 1155 εἶκοσι
489 1096 654 1202 νηυσὶ
681 1093 800 1172 ἅμα
827 1095 1092 1176 ἀγόμενοι
1108 1096 1433 1208 Ἐρετριέων
1450 1099 1614 1158 πέντε
1632 1099 1904 1177 τριήρεας,

292 1209 347 1242 οι
383 1181 449 1242 οὗ
485 1207 589 1258 την
616 1181 924 1257 Ἀθηναίων
960 1183 1126 1262 χάριν
1163 1185 1579 1261 ἐστρατεύοντο,
1611 1185 1769 1245 ἀλλα
1802 1214 1906 1264 την

289 1273 474 1332 αὐτῶν
514 1271 834 1347 Μιλησίων,
871 1270 1219 1350 ὀφειλόμενά
1251 1279 1364 1347 σφι
1406 1271 1777 1338 ἀποδιδόντες·
1827 1273 1903 1355 (οἶ

288 1357 398 1438 γάρ
421 1357 490 1434 δὴ
513 1358 799 1433 Μιλήσιοι
818 1358 1091 1436 πρότερον
1109 1364 1265 1420 τοῖσι
1280 1359 1626 1438 Ἐρετριεῦσι
1646 1361 1744 1422 τόν
1762 1363 1903 1437 πρός

292 1446 612 1508 Χαλκιδέας
631 1445 888 1524 πόλεμον
915 1447 1315 1524 συνδιήνεικαν,
1338 1449 1433 1509 ὅτε
1452 1449 1671 1527 περκαὶ
1691 1453 1900 1510 Χαλκι-

289 1533 448 1594 δεῦσι
490 1534 652 1594 ἀντία
690 1532 1012 1612 Ἐρετριεων
1051 1537 1145 1595 καὶ
1187 1538 1491 1613 Μιλησίων
1532 1537 1735 1613 Σάμιοι
1772 1540 1903 1615 ἐβο·

286 1619 472 1697 η’θεον·
476 1622 500 1700 )
545 1619 698 1683 οὗτοι
733 1621 807 1682 ὧν
839 1623 965 1683 ἐπεί
993 1649 1056 1684 τε
1089 1631 1203 1700 σφι
1230 1623 1501 1714 ἀπικέατο
1529 1626 1621 1684 καὶ
1648 1628 1703 1686 οἳ
1730 1625 1899 1686 ἄλλοι

287 1709 582 1791 σύμμαχοι
617 1709 900 1789 παρήσαν,
930 1712 1178 1773 ἐποιέετο
1215 1710 1527 1790 στρατηΐην
1566 1712 1600 1773 ὁ
1636 1712 1899 1793 Ἀριστα·

285 1798 457 1879 γόρης
505 1801 562 1864 ἐς
608 1798 828 1876 Σάρδις.
910 1798 1077 1863 αὖτὸς
1117 1802 1225 1877 μὲν
1276 1800 1345 1877 δη
1392 1800 1493 1860 οὐκ
1535 1802 1899 1876 ἐστρατεύετο

283 1886 416 1946 ἀλλ’
445 1888 600 1964 ἔμενε
641 1892 699 1946 ἐν
740 1887 1000 1966 Μιλήτῳ·
1043 1887 1396 1970 στρατηγούς
1428 1888 1489 1947 δὲ
1519 1886 1730 1951 ἄλλους
1765 1887 1896 1948 ἀπέ-

285 1974 405 2044 δεξε
433 1975 736 2049 Μιλησίων
773 1974 928 2044 εἶναι,
956 1974 1054 2034 τὸν
1081 1979 1285 2036 ἑωυτοῦ
1309 2002 1373 2037 τε
1400 1974 1681 2050 ἀδελφεόν
1712 1982 1893 2054 Χαρο-

195 2064 222 2119 l
235 2063 312 2121 ΟΟ
331 2065 496 2120 πῖνον
523 2061 614 2120 καὶ
632 2064 742 2121 τῶν
769 2060 961 2121 ἄλλων
987 2062 1179 2125 ἀστῶν
1202 2063 1613 2141 Ἑρμόφαντον.
1670 2062 1896 2126 Ἀπικό-

283 2174 443 2226 μενοι
483 2148 543 2208 δὲ
581 2152 660 2227 τῷ
687 2149 880 2228 στόλῳ
911 2151 1088 2231 τούτῳ
1114 2152 1302 2216 Ἴωνες
1334 2156 1389 2214 ἐς
1403 2150 1680 2228 Ἔφεσον,
1718 2156 1895 2213 πλοῖα

283 2239 388 2314 μὲν
420 2238 722 2297 κατέλιπον
761 2242 820 2297 ἐν
857 2240 1149 2321 Κορήσσῳ
1181 2244 1283 2317 τῆς
1323 2239 1613 2316 Ἐφεσίης,
1653 2238 1809 2300 αὐτοὶ
1835 2242 1895 2301 δὲ

283 2324 582 2400 ἀνέβαινον
618 2326 766 2405 χειρὶ
818 2331 1014 2405 πολλῇ
1055 2330 1373 2407 ποιεύμενοι
1420 2327 1723 2405 Ἐφεσίους
1768 2328 1888 2411 ἦγε-

283 2412 477 2489 μόνας·
530 2412 896 2491 πορευόμενοι
949 2414 1010 2475 δὲ
1055 2416 1211 2493 παραὶ
1256 2417 1515 2496 ποταμόν
1553 2417 1892 2496 Καΰστριον,

284 2501 533 2560 ἐνθεῦτεν
570 2503 693 2560 ἐπεί
720 2527 782 2562 τε
816 2501 1165 2581 ὖπερβάντες
1194 2504 1295 2564 τὸν
1326 2508 1567 2581 Τμῶλον
1604 2503 1889 2579 ἀπίκοντο,

283 2587 536 2663 αἱρέουσι
575 2588 791 2666 Σάρδις,
821 2590 1042 2654 οὐδενός
1066 2597 1182 2667 σφι
1209 2589 1585 2654 ἀντιωθέντος·
1644 2594 1895 2670 αἱρέουσι

283 2675 344 2734 δὲ
367 2675 537 2754 χωρὶς
555 2681 656 2752 τῆς
681 2676 1020 2755 ἀκροπόλιος
1045 2678 1236 2739 τᾶλλα
1266 2676 1470 2738 πάντα·
1512 2678 1617 2754 τήν
1644 2679 1704 2738 δὲ
1732 2680 1895 2758 ἀκρό-

289 2768 452 2823 πολιν
501 2764 688 2841 ἐρύετο
721 2764 888 2829 αὐτὸς
921 2764 1323 2844 Ἀρταφέρνης,
1356 2767 1496 2845 ἔχων
1538 2764 1771 2844 δύναμιν
1802 2768 1893 2829 ἀν-

192 2853 300 2911 101
323 2852 466 2930 δρῶν
493 2851 592 2911 οὐκ
621 2851 841 2934 ὀλίγην.
924 2853 1004 2913 Τὰ
1047 2854 1107 2912 δὲ
1148 2853 1229 2931 μή
1260 2857 1617 2930 λεηλατῆσαι
1664 2856 1895 2921 ἑλόντας

282 2942 468 3017 σφέας
493 2941 596 3016 τὴν
621 2941 807 3011 πόλιν,
837 2942 973 3020 ἔσχε
999 2942 1148 3002 τόδε·
1197 2941 1347 3019 ἦσαν
1386 2947 1445 3003 ἐν
1483 2946 1621 3023 τῇσι
1655 2944 1892 3021 Σάρδισι

285 3030 452 3088 οἰκίαι
507 3032 565 3088 αἶ
603 3032 708 3107 μὲν
746 3032 980 3092 πλεῦνες
1025 3028 1346 3107 καλάμιναι,
1403 3031 1537 3090 ὅσαι
1584 3030 1633 3090 δ’
1687 3030 1893 3092 αὐτέων

289 3117 381 3174 καὶ
406 3116 754 3177 πλίνθιναι’
717 3118 869 3193 ησαν
896 3116 1156 3194 καλάμου
1183 3118 1336 3198 εἶχον
1359 3144 1461 3183 τας
1485 3118 1720 3198 οροφάς.
1767 3144 1891 3179 του·

283 3204 418 3263 τέων
466 3204 534 3280 δὴ
582 3207 718 3283 μίαν
770 3210 884 3265 τῶν
923 3230 1006 3268 τις
1050 3207 1432 3283 στρατιωτέων
1480 3234 1551 3271 ως
1598 3206 1887 3281 ἐνέπρησε,

284 3288 480 3349 αὐτίκα
511 3291 606 3351 ἀπ’
633 3294 808 3370 οἰκίης
842 3297 900 3356 ἐς
935 3296 1112 3369 οἰκίην
1144 3294 1229 3355 ῖον
1252 3320 1320 3355 το
1348 3298 1461 3371 πῦρ
1496 3293 1791 3368 ἐπενέμετο
1820 3292 1888 3348 τό
