2259 3500
342 107 625 171 103—106]
971 106 1344 157 noA'rMNu.
1845 108 1936 157 161

338 186 665 268 ἠνάγκασας
710 186 898 267 λέγειν
941 190 1052 246 τῶν
1094 184 1281 267 λόγων
1326 212 1457 248 τους
1501 184 1936 263 ἀληθεστάτους,

341 277 535 355 ἔλεγον
575 275 647 335 τοὶ
688 274 997 350 κατήκοντα
1040 272 1446 387 Σπαρτιήτῃσι·
1501 276 1680 333 καίτοι
1721 301 1793 337 ως
1833 273 1940 356 ἔγω

340 363 593 443 τυγχάνω
636 389 707 422 τα
744 366 841 423 νῦν
875 363 1006 423 τάδε
1043 362 1324 443 ἐστοργως
1361 365 1597 426 ἐκείνους
1636 362 1800 426 αὐτὸς
1833 360 1940 439 μά-

340 454 513 511 λιστα
534 451 941 521 ἐξεπίστεαι,
882 478 935 510 οι
950 476 1023 529 με
1041 450 1210 528 τιμήν
1225 476 1287 511 τε
1305 452 1398 511 καὶ
1416 452 1582 532 γέρεα
1603 449 1940 528 ἀπελόμενοι

338 539 586 615 πατρώϊα
608 538 813 599 ἄπολίν
832 565 895 599 τε
916 539 1008 599 καὶ
1029 538 1258 620 φυγάδα
1282 540 1641 617 πεποιήκασι,
1661 539 1847 616 πατὴρ
1877 538 1938 597 δὲ

339 653 441 691 σος
464 628 874 705 ὖποὸεξάμενος
890 629 1025 705 βίον
1040 628 1105 688 τέ
1115 654 1216 706 μοι
1232 629 1324 687 καὶ
1345 630 1500 689 οἶκον
1518 630 1736 689 δέδωκε·
1765 626 1940 688 οὔκων

339 716 487 779 οἰκός
530 723 651 776 ἐστι
696 717 868 794 ἄνδρα
909 716 1009 777 τόν
1044 716 1318 795 σώφρονα
1353 717 1568 795 εὐνοίην
1599 718 1939 795 φαινομένην

340 804 681 875 διωθέεσθαι,
724 804 879 863 ἀλλὰ
917 831 1174 887 στεργειν
1209 805 1478 882 μάλιστα.
1563 805 1673 888 ε’γω
1713 806 1772 865 δὲ
1812 803 1939 865 οὕτε

340 890 471 950 δέκα
514 891 751 969 ἀνδράσι
794 893 1111 972 υπίσχομαι
1161 893 1274 956 οἶός
1325 918 1389 953 τε
1443 895 1582 955 εἶναι
1632 893 1936 973 μάχεσθαι,

340 978 467 1039 οὕτε
494 981 696 1041 δυοῖσι·
740 980 874 1041 εκῶν
898 1006 961 1041 τε
988 982 1125 1041 εἶναι
1154 979 1327 1041 οὐδ’*
1293 1008 1360 1043 αν
1383 980 1845 1061 μουνομαχέοιμι·
1887 984 1936 1039 εἰ

339 1067 399 1125 δὲ
444 1068 717 1150 ἀναγκαίη
771 1072 855 1146 εἴη
908 1068 945 1146 ἢ
996 1070 1174 1151 μέγας
1213 1095 1297 1133 τις
1338 1070 1370 1131 ὁ
1415 1070 1723 1147 ἐποτρυνων
1769 1068 1936 1150 ἄγων,

337 1158 623 1235 μαχοίμην
650 1157 717 1217 ἂν
742 1157 963 1220 πάντων
997 1157 1257 1234 ἥδιστα“
1233 1184 1310 1218 ενι
1335 1186 1546 1220 τουτων
1570 1163 1681 1219 τῶν
1707 1157 1934 1234 ἀνδρῶν,

340 1244 393 1303 οἳ
419 1244 707 1321 Ἑλλήνων
742 1246 977 1311 ἔκαστός
1008 1253 1158 1323 φησι
1193 1252 1360 1324 τριῶν
1392 1246 1544 1317 ἄξιος
1581 1247 1737 1307 εἶναι·
1782 1244 1850 1309 ὣς
1877 1246 1938 1305 δὲ

340 1333 429 1390 καὶ
448 1334 893 1411 Λακεδαιμόνιοι,
914 1336 1055 1395 κατὰ
1078 1337 1184 1412 μὲν
1205 1335 1300 1395 ἕνα
1322 1336 1662 1414 μαχεόμενοι
1683 1333 1936 1412 οὖδαμῶν

340 1423 449 1479 εἶσι
477 1422 721 1484 κακίονες
747 1421 974 1500 ἀνδρῶν,
1001 1422 1164 1487 ἁλέες
1189 1422 1248 1481 δὲ
1277 1422 1500 1499 ἄριστοι
1525 1423 1737 1501 ἀνδρῶν
1763 1422 1936 1482 ἀπάν-

336 1505 463 1567 των·
507 1508 785 1587 ἐλεύθεροι
821 1510 931 1590 γαῖρ
965 1510 1146 1574 ἐόντες
1172 1509 1237 1571 οὗ
1277 1510 1458 1571 πάντα
1495 1508 1781 1587 ἐλεύθεροί
1803 1514 1932 1570 εἶσι·

339 1595 534 1654 ἔπεστι
557 1596 667 1676 γάρ
693 1604 805 1673 σφι
831 1597 1107 1675 δεσπότης
1135 1597 1320 1675 νόμος,
1347 1598 1446 1660 τόν
1481 1598 1936 1673 ὑποδειμαίνουσι

338 1686 537 1762 πολλῷ
569 1685 647 1742 ἔτι
676 1687 902 1761 μᾶλλον
932 1683 970 1764 ἢ
1008 1689 1061 1745 οἱ
1093 1686 1190 1745 σοὶ
1227 1686 1317 1745 σε’·
1359 1689 1585 1746 ποιεῦσι
1619 1687 1734 1766 γῶν
1768 1684 1840 1746 τὰ
1865 1683 1936 1747 ἂν

338 1775 540 1834 ἐκεῖνος
559 1770 763 1853 σῖνῶγῃ·
790 1772 991 1856 άνῶγει
1010 1775 1071 1834 δὲ
1093 1775 1270 1836 τῶυτό
1298 1776 1421 1846 αἰεὶ,
1449 1774 1550 1834 οὐκ
1579 1779 1678 1833 ε’ὣν
1707 1773 1935 1855 φεύγειν

337 1858 495 1919 οὐδὲν
536 1862 754 1937 πλῆθος
794 1860 1094 1939 ἀνθρώπων
1137 1869 1196 1922 ἐκ
1237 1864 1441 1942 μάχης,
1485 1861 1638 1922 ἀλλὰ
1667 1863 1936 1939 μένοντας

336 1953 395 2008 ἐν
438 1952 510 2027 τῇ
553 1949 707 2020 τάξει
748 1950 1087 2028 ἐπικρατέειν
1128 1949 1167 2027 ἢ
1215 1951 1597 2013 ἀπόλλυσθαι.
1653 1950 1750 2010 σοὶ
1793 1950 1853 2009 δὲ
1887 1955 1936 2010 εἰ

336 2037 607 2113 φαίνομαι
622 2043 799 2097 ταῦτα
818 2037 1000 2119 λέγων
1016 2039 1344 2117 φλυηρέειν,
1362 2038 1551 2099 τᾶλλα
1566 2043 1736 2119 σιγᾶν
1757 2038 1934 2106 ε’θέλω

334 2122 399 2182 τὸ
425 2125 649 2198 λοιπόν,
673 2130 769 2187 νῦν
798 2126 856 2184 δὲ
884 2126 1260 2207 ἀναγκασθεὶς
1280 2128 1462 2198 ἔλεξα·
1494 2127 1714 2210 γένοιτο
1740 2127 1932 2204 μέντοι

336 2235 475 2269 κατα
503 2211 631 2273 νόον
656 2231 763 2285 τοι,
790 2213 1095 2290 βασιλεῧῗ

413 2297 484 2356 Ο
510 2325 613 2375 μεν
640 2300 708 2375 δη
735 2305 910 2360 ταῦτα
936 2300 1233 2380 ἀμείψατο·
1274 2303 1484 2380 Ξέρξης
1509 2301 1620 2360 δε’
1595 2328 1650 2366 ες
1674 2301 1894 2384 γέλωτά
1916 2305 2027 2360 105

335 2409 397 2442 τε
434 2386 643 2464 ἔτρεψε,
680 2389 772 2446 καὶ
806 2415 905 2447 ουκ
939 2388 1247 2466 ἐποιήσατο
1279 2390 1454 2470 ὀργὴν
1495 2389 1770 2467 ουδεμίαν,
1803 2389 1934 2450 ἀλλ

334 2471 507 2545 ἠπίως
536 2473 701 2534 αὖτόν
722 2475 1112 2554 οἷπεπεμψατο.
1141 2477 1342 2556 τούτω
1363 2478 1474 2536 δὲ’
1449 2504 1503 2541 ες
1529 2478 1735 2558 λόγους
1756 2477 1934 2539 ε’λθων

335 2560 559 2635 Ξέρξης,
606 2564 697 2621 καὶ
740 2562 991 2643 ὕπαρχον
1035 2570 1091 2624 ἐν
1132 2571 1210 2644 τῷ
1252 2566 1512 2646 Δορίσκῳ
1553 2565 1728 2646 τούτῳ
1770 2592 1932 2626 κατα-

334 2646 556 2723 στήσας
603 2651 929 2728 Μασκάμην
976 2653 1075 2712 τὸν
1121 2652 1517 2734 Μεγαδόστεω,
1565 2655 1664 2714 τὸν
1712 2654 1771 2712 δὲ
1822 2653 1933 2711 om?

335 2738 576 2812 Δαρείου
612 2740 890 2799 σταθέντα
927 2741 1304 2812 καταπαύσας,
1335 2742 1601 2818 ἐξήλαυνε
1636 2741 1734 2801 τόν
1765 2766 1930 2816 στρα-

331 2824 430 2884 τὸν
458 2825 547 2884 δια
582 2831 683 2902 τῆς
716 2829 956 2905 Θρηικης
990 2829 1080 2888 ε’πὶ
1111 2855 1215 2904 την
1251 2828 1522 2889 Ἑλλάδα.
1607 2829 1894 2888 Κατέλιπε
1914 2831 2026 2887 106

332 2912 391 2970 δὲ
434 2911 605 2991 ἄνδρα
646 2915 857 2974 τοιόνδε
908 2917 1234 2993 Μασκάμην
1282 2917 1594 2998 γενόμενον,
1635 2920 1711 2995 τῷ
1749 2915 1931 2996 μούνω

333 2999 541 3076 Ξέρξης
564 3001 709 3078 δῶρα
732 3003 1037 3078 πέμπεσκε,
1064 3004 1134 3066 ὥς
1161 3003 1510 3081 ἀριστεύοντι
1528 3005 1747 3064 πάντων
1766 3002 1934 3066 ὅσους

330 3089 647 3165 κατέστησε
685 3089 849 3154 αὐτος
880 3089 915 3166 ἢ
945 3098 1180 3170 Δαρεῖος
1209 3092 1511 3171 υπάρχους·
1552 3093 1842 3168 πέμπεσκε
1875 3091 1934 3148 δὲ

329 3174 435 3237 α’,νοῖ
462 3181 575 3238 πᾶν
604 3180 741 3242 ἔτος·
786 3178 857 3242 ὣς
882 3180 943 3238 δὲ
970 3182 1063 3240 καὶ
1087 3179 1457 3258 Ἀρταξέρξης
1483 3177 1514 3239 ὅ
1542 3179 1756 3257 Ξέρξεω
1781 3181 1934 3239 τοῖσι

330 3269 760 3344 Μασκαμείοισι
792 3267 1092 3350 ἐκγόνοισι,
1161 3268 1516 3328 κατέστασαν
1547 3266 1658 3346 γὰρ
1687 3267 1766 3326 ἔτι
1799 3265 1934 3344 πρό·-
