2259 3500
321 99 536 162 65—69]
923 94 1301 158 KAAAIOHH.
1824 92 1921 140 313

321 177 503 239 οὐκέτι
528 175 628 237 τόν
653 174 821 234 αὗτόν
846 173 1064 251 κόσμον
1085 173 1403 254 κατηγέετο,
1426 171 1579 230 ἑλλοὶ
1598 169 1702 245 τήν
1721 171 1916 248 ταχίσ-

318 293 422 343 την
460 263 723 343 ἐτρόχαζε
761 261 998 343 φεύγων,
1027 261 1154 321 οὔτε
1189 267 1244 324 ἐς
1274 260 1339 320 vd
1374 259 1597 329 ξύλινον
1624 257 1749 318 οὗτε
1776 264 1830 321 ἐς
1855 257 1923 318 vd

321 353 588 430 Θηβαίων
611 355 810 429 τεῖχος,
843 349 974 410 ἀλλ’
1003 355 1058 414 ἐς
1084 350 1324 420 Φωκέας,
1352 348 1557 407 ἐθέλων
1586 346 1655 410 ὥς
1678 346 1924 426 τάχιστα

322 443 414 502 ἐπὶ
439 440 538 502 τὸν
564 439 1000 517 Ἑλλήσποντον
1035 437 1359 497 ἀπικέσθαι·
1403 437 1495 494 καὶ
1532 433 1598 494 δΐ
1632 433 1785 494 οὗτοι
1820 438 1925 513 μὲν

320 529 494 608 ταύτῃ
551 528 874 606 ἐτράποντο.
957 531 1079 586 Τῶν
1132 526 1192 585 δὲ
1245 524 1435 584 ἄλλων
1480 523 1771 600 Ἑλλήνων
1815 529 1925 586 τῶν
1942 526 2017 586 67

320 618 462 696 μετοῖ
488 618 766 694 βασιλέος
803 613 1291 683 ἐθελοκακεόντων,
1320 613 1555 672 Βοιωτοὶ
1574 612 1923 689 Ἀθηναίοισι

324 706 676 785 ἐμαχέσαντο
711 704 916 784 χρόνον
958 705 1050 763 ἐπὶ
1089 702 1319 782 συχνόν·
1369 705 1423 760 οἱ
1442 700 1571 782 ’γοῖρ
1606 702 1925 778 μηδίζοντες

322 796 434 853 τῶν
486 794 769 870 Θηβαίων,
819 791 972 852 οὗτοι
1015 790 1168 870 εἶχον
1207 790 1521 867 προθυμίην
1566 788 1664 848 οὐκ
1706 789 1921 871 ὀλίγην,

322 881 668 960 μαχεόμενοί
701 907 765 940 τε
805 881 896 940 καὶ
939 879 1039 940 οὔκ
1081 879 1532 941 ἐθελοκακέοντες
1586 877 1725 938 οὕτω
1780 878 1925 938 ὥστε

323 969 638 1047 τριηκόσιοι
691 968 872 1029 αὐτῶν
920 971 974 1029 οἱ
1016 972 1227 1044 πρῶτοι
1282 966 1375 1024 καὶ
1419 966 1641 1044 ἄριστοι
1688 967 1925 1028 ἐνθαῦτα.

327 1058 530 1118 ἔπεσον
561 1057 672 1118 υπό
709 1057 1036 1134 Ἀθηναίων·
1085 1082 1157 1119 ως
1188 1055 1304 1114 δὲ’
1278 1054 1583 1133 ετράποντο
1619 1057 1712 1115 καὶ
1752 1081 1923 1125 ουτοι,

326 1146 563 1227 ἔφευγον
599 1151 654 1210 ἐς
688 1170 788 1209 τας
813 1144 1014 1221 Θήβας
1040 1144 1139 1204 οὖκ
1164 1140 1309 1222 ᾗπερ
1336 1147 1389 1202 οἱ
1416 1144 1657 1221 Πέρσαι·
1700 1145 1792 1203 καὶ
1815 1147 1925 1204 τῶν

325 1231 516 1294 ἄλλων
543 1232 856 1312 συμμάχων
883 1233 917 1293 ὅ
944 1237 1053 1297 πᾶς
1079 1231 1277 1310 ὅμιλος
1298 1230 1423 1291 οὔτε
1444 1232 1926 1312 διαμαχεσάμενος

326 1321 506 1382 ουδενὶ
551 1321 676 1382 οὔτε
721 1347 776 1382 τι
823 1321 1232 1398 ἀποδεξάμενος
1288 1320 1542 1400 ἔφευγον.
1626 1325 1815 1396 Δηλοῖ
1862 1345 1923 1380 τε
1944 1323 2019 1380 68

327 1410 452 1487 ἐμοὶ
479 1409 565 1469 ὅτι
590 1410 775 1470 πάντα
797 1409 868 1468 τσῖ
894 1408 1202 1490 πρήγματα
1226 1411 1337 1466 τῶν
1356 1408 1667 1486 βαρβάρων
1686 1407 1925 1484 ἤρτηντο

329 1501 390 1556 ἐκ
425 1499 708 1575 Περσέων,
750 1501 798 1556 εἰ
831 1498 923 1555 καὶ
957 1497 1087 1558 τότε
1123 1493 1279 1556 οὗτοι
1311 1494 1444 1571 πρὶν
1470 1493 1507 1570 ἢ
1536 1496 1625 1553 καὶ
1652 1497 1927 1573 συμμίξαι

325 1587 478 1644 τοῖσι
502 1585 830 1661 πολεμίοισι
849 1586 1101 1666 ἔφευγον,
1125 1582 1214 1644 ὅτι
1242 1583 1333 1642 καὶ
1352 1581 1479 1644 τοῦς
1507 1583 1738 1660 Πέρσας
1757 1583 1926 1660 ὥρων..

328 1671 468 1732 οὕτω
514 1698 576 1732 τε
617 1671 819 1736 πάντες
856 1674 1108 1755 ἔφευγον,
1154 1670 1308 1746 πλὴν
1349 1674 1449 1746 τῆς
1504 1671 1676 1730 ἵππου
1721 1675 1821 1747 τῆς
1864 1698 1927 1734 τε

327 1758 511 1838 ἄλλης
551 1761 643 1821 καὶ
675 1767 778 1838 τῆς
813 1763 1098 1838 Βοιωτίης·
1150 1759 1291 1837 αὕτη
1325 1760 1385 1819 δὲ
1416 1764 1667 1820 τοσαῦτα
1705 1786 1925 1837 προσω-

329 1850 501 1925 φέλεε
541 1850 671 1914 τοῦς
713 1849 1038 1961 φεύῖοντας,
1075 1848 1189 1909 αἰεί
1223 1874 1285 1908 τε
1326 1846 1467 1925 πρός
1498 1851 1609 1908 τῶν
1642 1850 1925 1925 πολεμίων

327 1935 575 2019 ἄγχιστα
607 1942 782 1999 ἐοῦσα
816 1937 1167 2020 απείργουσα
1196 1963 1260 1998 τε
1289 1963 1417 2001 τους
1445 1937 1668 2013 φιλίους
1694 1936 1927 2018 φεύγον-

325 2052 425 2091 τας
449 2026 562 2087 ἀπο
590 2054 700 2089 των
724 2026 1032 2103 Ἑλλήνων.
1085 2029 1160 2086 Οἱ
1184 2029 1289 2104 μὲν
1315 2025 1383 2101 δη
1411 2029 1661 2089 νικῶντες
1689 2026 1925 2096 εἵποντο,
1945 2028 2019 2086 69

325 2140 454 2180 τους
507 2116 722 2193 ’Ξέρξεω
767 2116 1052 2179 διωκοντές
1097 2141 1160 2175 τε
1214 2116 1307 2175 καὶ
1355 2114 1699 2191 φονευοντες·
1762 2118 1820 2173 ἐν
1866 2113 1926 2173 δὲ

325 2203 504 2263 τούτω
531 2208 608 2281 τῷ
639 2203 910 2283 γινομένῳ
947 2202 1116 2280 φόβῳ
1146 2202 1490 2283 ἀγγέλλεται
1516 2205 1669 2263 τοῖσι
1694 2201 1929 2263 ἄλλοισι

321 2282 574 2363 Ελλησι
619 2293 774 2347 τοῖσι
816 2289 1210 2369 τεταγμένοισι
1264 2291 1393 2365 περὶ
1438 2290 1505 2350 τό
1546 2290 1781 2368 εΗραῖον
1837 2291 1930 2350 καὶ

329 2375 794 2456 ἀπογενομένοισι
823 2379 925 2450 τῆς
959 2373 1162 2451 μάχης,
1193 2374 1278 2434 ὅτι
1312 2376 1468 2453 μάχη
1500 2402 1563 2435 τε
1596 2380 1793 2458 γέγονε
1836 2379 1929 2438 καὶ

329 2466 516 2541 νικῷεν
544 2466 596 2521 οἱ
621 2461 764 2539 μετὰ
800 2460 1155 2521 Παυσανίεω·
1198 2458 1337 2520 οἷ’δὲ
1368 2461 1705 2527 ἀκούσαντες
1733 2470 1923 2539 ταῦτα,

330 2549 523 2610 οὐδένα
564 2548 782 2627 κόσμον
820 2549 1132 2629 ταχθέντες,
1176 2552 1230 2609 οἱ
1267 2552 1371 2628 μὲν
1410 2549 1561 2626 ἀμφὶ
1602 2552 1930 2627 Κορινθίους

331 2637 635 2715 ἐτράποντο
679 2636 769 2697 διοῖ
801 2642 902 2716 τῆς
942 2637 1191 2716 ὑπωρέης
1234 2638 1327 2698 καὶ
1379 2640 1488 2697 τῶν
1530 2640 1784 2697 κολωνῶν
1822 2638 1927 2713 τήν

332 2728 618 2804 φέρουσαν
653 2734 782 2801 ἅνω,
831 2726 919 2788 ἰθῦ
957 2730 1058 2787 τοῦ
1101 2729 1221 2803 ἱροῦ
1260 2730 1360 2802 τῆς
1401 2724 1720 2802 Δήμητρος·
1776 2728 1829 2785 οἱ
1868 2726 1929 2785 δὲ

329 2813 480 2892 ἀμφὶ
505 2816 802 2897 Μεγαρέας
825 2842 888 2875 τε
915 2816 1008 2875 καὶ
1034 2816 1341 2879 Φλιασίους
1367 2814 1459 2875 διαὶ
1482 2817 1585 2875 τοῦ
1610 2812 1801 2873 πεδίου
1824 2814 1929 2890 τήν

329 2904 622 2981 λειοτάτην
647 2908 756 2965 τῶν
781 2904 942 2965 ὁδῶν·
984 2903 1109 2963 ἐπεί
1128 2930 1191 2965 τε
1218 2905 1278 2963 δὲ
1305 2903 1485 2985 ἀγχοῦ
1510 2908 1619 2964 τῶν
1645 2904 1928 2979 πολεμίων

330 2992 578 3073 ἐγίνοντο
599 2995 652 3053 οἱ
679 2994 966 3075 Μεγαρέες
993 2994 1086 3053 καὶ
1112 2992 1396 3066 Φλιάσιοι,
1428 2991 1715 3054 ἀπιδόντες
1742 2992 1927 3066 σφέας

324 3082 382 3140 οἳ
407 3086 518 3143 τῶν
535 3083 801 3159 Θηβαίων
821 3080 1054 3143 ἱππόται
1073 3081 1461 3163 ἐπειγομένους
1481 3080 1675 3142 οὐδένα
1696 3080 1927 3156 κόσμον,

329 3167 574 3245 ἤλαυνον
627 3168 710 3231 ἐπ’
764 3170 962 3235 αὐτοῦς
1012 3168 1144 3234 τούς
1209 3170 1427 3233 ἵππους·
1489 3174 1599 3230 τῶν
1654 3166 1927 3247 ἱππάρχεε

327 3254 732 3339 Ἀσωπόδωρος
759 3258 791 3321 ὁ
817 3258 1151 3338 Τιμάνδρου·
1194 3256 1530 3322 ἐσπεσόντες
1566 3258 1627 3319 δὲ
1664 3256 1927 3341 κατεστό-
