2259 3500
335 78 622 148 ιιι-144]
989 78 1299 133 οΤΡΔΜΑ.
1840 83 1935 135 279

333 166 414 243 μή
463 164 522 225 δὲ
572 163 744 240 ὖμέας
790 160 1160 237 Ἀλέξανδρος
1213 160 1247 221 ὅ
1300 161 1573 221 Μακεδῶν
1618 159 1931 242 ἀναγνώσῃ,

337 252 540 331 λεήνας
574 251 672 311 τόν
715 249 1036 327 Μαρδονίου
1067 247 1263 330 λόγον·
1297 248 1473 327 τούτῳ
1496 249 1601 326 μὲν
1626 248 1735 329 γσῖρ
1760 255 1935 309 ταῦτα
1980 242 1991 273 ⁴

337 340 570 415 ποιητέα
587 339 728 398 ἐστι’·
755 338 1017 415 τύραννος
1033 337 1143 418 γὰρ
1166 336 1269 397 ἐῶν
1294 336 1537 415 τυράννῳ
1558 337 1935 417 συγκατεργά-

339 428 508 497 ζεται·
561 426 694 502 ὑμῖν
733 426 796 485 δέ
833 451 899 506 γε
939 424 1004 485 οὗ
1045 426 1293 501 ποιητέα,
1343 425 1495 501 εἴπερ
1538 422 1595 483 εὖ
1634 425 1934 505 τυγχάνετε

343 514 685 591 φρονέοντες,
720 513 1145 589 ἐπισταμένοισι
1178 512 1249 575 ὥς
1277 511 1638 589 βαρβάροισί
1662 517 1784 572 ἐστι
1812 512 1937 572 οὔτε

342 627 545 660 πιστον
572 627 698 660 ουτε
718 598 923 677 ἀληθὲς
943 600 1098 659 οὕδεν
1055 601 1072 622 '
1119 598 1151 619 '⁹
1190 602 1367 659 ταῦτα
1388 600 1580 669 ἔλεξαν
1607 602 1661 657 οἱ
1686 599 1935 680 ἄγγελοι.

423 688 709 764 Ἀθηναῖοι
751 689 810 747 δὲ
849 688 990 765 πρὸς
1013 690 1118 765 μὲν
1142 687 1511 763 Ἀλέξανδρον
1540 686 1898 764 ὑπεκρίναντο
1918 689 2031 747 143

343 775 491 835 τάδε·
535 776 664 833 “Kal
712 774 870 835 αυτοὶ
901 774 1070 835 τοῦτό
1100 802 1169 856 γε
1208 774 1571 851 ἐπιστάμεθα,
1600 774 1685 834 ὅτι
1722 780 1937 835 πολλα-

345 862 563 943 πλησίη
605 864 728 921 ἐστὶ
768 867 846 941 τῷ
885 862 1061 942 Μήδῳ
1102 861 1329 940 δύναμις
1379 861 1521 939 ἥπερ
1574 862 1727 939 ἡμῖν·
1792 862 1936 922 ὥστε

346 949 500 1009 οὐδὲν
527 950 636 1009 δέει
670 950 836 1009 τοῦτό
861 977 928 1030 γε
957 950 1256 1021 ὀνειδίζειν·
1297 950 1428 1009 ἀλλ’
1456 950 1601 1027 ὅμως
1628 951 1940 1027 ἐλευθερίης

345 1037 673 1117 γλιχόμενοι
713 1036 1064 1115 ἀμυνεύμεθα
1090 1038 1229 1097 οὕτω
1256 1038 1394 1101 ὅκως
1420 1036 1487 1099 ἂν
1514 1040 1605 1097 καὶ
1637 1038 1939 1114 δυνώμεθα·

346 1124 705 1206 ὁμολογῆσαι
747 1126 806 1184 δὲ
845 1131 922 1205 τῷ
961 1125 1241 1205 βαρβάρῳ
1282 1126 1425 1203 μήτε
1460 1126 1533 1185 σύ
1562 1125 1740 1202 ἡμέας
1770 1128 1943 1202 πειρῶ

346 1212 675 1283 ἀναπείθειν,
707 1212 831 1274 οὔτε
851 1214 1015 1292 ἡμέες
1035 1213 1367 1291 πεισόμεθα.
1422 1219 1517 1274 νῦν
1537 1214 1594 1273 δὲ
1616 1213 1941 1295 ἀπάγγελλε

347 1302 659 1380 Μαρδονίῳ,
690 1301 759 1364 ὥς
783 1300 1069 1378 Ἀθηναῖοι
1089 1304 1343 1382 λέγουσι,
1372 1300 1485 1361 ἔστ’
1512 1299 1579 1361 ἂν
1605 1300 1637 1361 ὅ
1664 1301 1822 1377 ἥλιος
1840 1301 1942 1377 τὴν

348 1387 520 1463 αὐτὴν
546 1387 724 1448 ὁδόν”
702 1415 757 1467 ιῃ
782 1394 960 1468 τῇπερ
989 1390 1081 1448 καὶ
1115 1393 1211 1449 νῦν
1244 1390 1479 1469 ἔρχεται,
1503 1388 1713 1466 μήκοτε
1738 1388 1943 1496 ὁμολο-

347 1475 547 1555 γήσειν
584 1475 760 1553 ημέας
799 1478 998 1557 Ξέρξῃ·
1054 1476 1209 1537 αλλᾶ
1250 1477 1436 1538 θεοῖσί
1484 1502 1546 1535 τε
1587 1476 1943 1555 συμμάχοισι

349 1563 579 1621 πίσυνοί
611 1590 707 1639 μιν
750 1565 1002 1642 ἐπέξιμεν
1044 1562 1378 1642 ἀμυνόμενοι
1422 1564 1515 1623 καὶ
1552 1568 1705 1623 τοῖσι
1744 1562 1941 1640 ἥρωσι·

350 1652 457 1708 τῶν
499 1654 700 1713 ἐκεῖνος
742 1650 1072 1729 ουδεμιαν”
1041 1677 1169 1713 οπιν
1210 1654 1363 1730 ἔχων,
1408 1653 1679 1728 ἐνέπρησε
1718 1677 1845 1713 τους
1882 1677 1945 1711 τε

351 1737 531 1801 οἴκους
567 1738 656 1797 καὶ
689 1739 760 1799 ro)
795 1739 1116 1820 ἀγάλματα.
1201 1740 1275 1800 σύ
1300 1767 1361 1802 τε
1386 1744 1487 1802 τοῦ
1512 1743 1715 1800 λοιποῦ
1740 1739 1947 1820 λόγους

351 1825 487 1906 ἔχων
507 1827 762 1886 τοιούσδε
779 1828 860 1905 μὴ
883 1829 1173 1904 ἐπιφαίνεο
1193 1828 1559 1906 Ἀθηναίοισι,
1580 1828 1721 1904 μηδὲ
1745 1828 1947 1888 δοκέων

347 1912 574 1992 χρηστὰ
612 1914 936 1998 ὖπουργέειν
983 1916 1261 1995 ἀθέμιστα
1316 1917 1490 1995 ἕρδειν
1540 1918 1817 1994 παραίνεε·
1879 1915 1945 1975 οὖ

347 2000 456 2082 γάρ
509 2028 578 2063 σε
630 2004 962 2082 βουλόμεθα
1017 2004 1174 2064 οὐδὲν
1233 2005 1401 2085 ἄχαρι
1452 2005 1593 2083 πρὸς
1642 2003 1947 2079 Ἀθηναίων

347 2091 586 2165 παθέειν,
621 2092 781 2153 ἐόντα
807 2093 1097 2170 πρόξεινόν
1122 2119 1183 2153 τε
1212 2095 1303 2153 καὶ
1332 2091 1555 2169 φίλον.”
1624 2092 1779 2169 Πρὸς
1804 2093 1905 2168 μὲν
1926 2093 2041 2150 144

345 2173 716 2256 Ἀλέξανδρον
747 2183 921 2238 ταῦτα
955 2180 1335 2257 ὖπεκρίναντο·
1384 2179 1525 2256 πρός
1569 2181 1627 2240 δὲ
1668 2179 1796 2243 τοῦς
1835 2178 1947 2238 α’,πό

351 2265 610 2340 Σπάρτης
629 2266 903 2345 ἀγγέλους
922 2265 1071 2325 τάδε·
1117 2277 1151 2302 “
1170 2266 1236 2326 τὰ
1262 2270 1365 2345 μὲν
1394 2268 1576 2328 δεῖσαι
1604 2268 1947 2344 Λακεδαιμο-

350 2351 496 2414 νίους
524 2351 604 2427 μὴ
643 2352 1086 2434 ὁμολογήσωμεν
1113 2358 1191 2433 τῷ
1214 2354 1510 2434 βαρβάρῳ,
1542 2353 1716 2432 κάρτα
1744 2354 1947 2432 ἅνθρω-

351 2437 514 2512 πήῖον
553 2437 640 2513 ἦν·
697 2438 836 2517 οἶτοῖρ
879 2445 1124 2520 αἰσχρῶς
1165 2467 1230 2523 γε
1273 2443 1473 2512 οἴκατε,
1524 2441 1944 2518 ἐξεπιστάμενοι

349 2529 458 2584 τῶν
496 2525 804 2602 Ἀθηναίων
844 2528 911 2588 vd
956 2529 1235 2606 φρόνημα,
1282 2530 1619 2606 ἀρρωδῆσαι·
1684 2527 1769 2588 ὅτι
1823 2529 1949 2588 οὔτε

347 2613 559 2691 χρυσός
587 2621 708 2675 ἐστι
732 2620 838 2695 γῆς
879 2616 1147 2692 οὐδαμόθι
1182 2621 1451 2679 τοσοῦτος
1480 2615 1605 2676 οὗτε
1631 2615 1785 2694 χώρη
1814 2615 1945 2674 κάλ-

348 2703 439 2758 λεϊ
466 2701 557 2760 καὶ
583 2701 753 2781 οἷρετῇ
777 2705 926 2785 μέγα
947 2704 1361 2782 ὕπερφέρουσα,
1382 2703 1454 2765 τοῖ
1480 2703 1639 2780 ἡμεῖς
1659 2701 1947 2778 δεξάμενοι

349 2788 636 2866 ἐθέλοιμεν
657 2789 724 2850 ἂν
743 2793 1077 2868 μηδίσαντες
1099 2793 1522 2851 καταδουλῶσαι
1547 2790 1649 2866 τὴν
1674 2788 1946 2848 Ἑλλάδα·

348 2877 541 2936 πολλά
561 2904 622 2937 τε
641 2879 751 2958 γοὶρ
772 2881 863 2938 καὶ
880 2880 1104 2961 μεγάλα
1127 2881 1251 2940 ἐστὶ
1276 2880 1347 2939 τὰ
1374 2877 1749 2938 διακωλύοντα
1772 2881 1947 2936 ταῦτα

345 2961 429 3040 μή
461 2966 683 3037 ποιέειν,
715 2966 842 3043 μηδ’
885 2966 954 3044 ἢν
997 2967 1293 3044 ἐθέλωμεν·
1342 2969 1535 3043 πρῶτα
1577 2967 1681 3040 μὲν
1722 2964 1813 3022 καὶ
1850 2963 1947 3041 μέ-
2013 3015 2026 3031 ,

347 3077 536 3132 γιστα,
591 3057 700 3114 τῶν
755 3056 892 3114 θεῶν
944 3055 1014 3114 τοὶ
1066 3055 1369 3137 ἀγάλματα
1424 3053 1515 3111 καὶ
1556 3051 1627 3111 τοὶ
1676 3050 1947 3127 οἰκήματα

349 3144 789 3219 ἐμπεπρησμένα
829 3169 892 3204 τε
936 3144 1027 3201 καὶ
1071 3143 1527 3224 συγκεχωσμένα·
1586 3143 1738 3199 τοῖσι
1773 3138 1947 3216 ἡμέας

346 3227 656 3312 ἀναγκαίως
697 3231 810 3310 ἔχει
850 3228 1138 3307 τιμωρέειν
1190 3233 1245 3289 ἐς
1296 3227 1367 3286 τὰ
1416 3226 1661 3306 μέγιστα
1703 3230 1943 3303 μᾶλλον,
