2259 3500
305 122 400 167 156
906 116 1274 165 ἨΡΟΔΟΤΟΤ
1501 184 1508 191 .
1743 120 1894 182 [VH.

304 196 397 256 καὶ
421 195 714 272 Ἀθηνέων·
757 199 811 257 οἳ
836 196 901 271 δὲ,
920 196 1033 256 <ivd
1058 194 1370 272 Ἀρκαδίης·
1412 199 1467 256 οἶ
1501 196 1564 257 δὲ
1595 196 1708 257 ‹in-6
1746 199 1897 259 Κύθ-

303 312 419 345 νου·
463 288 515 344 οῖ
558 285 617 343 δὲ
656 284 770 344 α’πὸ
814 286 1087 360 Φοινίκης·
1130 287 1183 342 οἱ
1223 284 1282 342 δὲ
1323 283 1436 343 ἇπό
1474 284 1782 361 Αἰθιοπίης,
1827 287 1899 352 ὥς

302 372 461 433 αὐτοὶ
492 371 736 449 Κύπριοι
775 372 1029 452 λέγουσι.
1114 372 1344 433 Κίλικες
1380 372 1440 429 δέ
1475 372 1670 432 ἐκατόν
1708 374 1898 452 παρεί·

300 486 471 540 χοντο
512 460 656 522 νέας·
709 458 863 519 οὗτοι
904 458 951 518 δ’
996 457 1065 518 αὖ
1108 459 1237 536 περὶ
1277 462 1380 535 μὲν
1424 462 1560 537 τῇσι
1609 465 1899 540 κεφαλῇσι

208 550 280 608 91
308 548 509 625 κράνεα
555 546 836 625 ἐπιχώρια,
884 545 1122 621 λαισήϊά
1174 571 1236 605 τε
1287 546 1440 624 εἶχον
1489 545 1604 605 ἀντ’
1647 546 1899 611 ἀσπίδων

304 634 594 711 ὠμοβοέης
634 636 995 711 πεποιημένα,
1040 634 1132 692 καὶ
1181 635 1410 697 κιθῶνας
1455 635 1710 710 εἰρινέους
1757 636 1898 696 ἐνδε-

303 722 542 785 δυκότες·
582 721 680 781 δύο
720 722 781 780 δὲ
824 721 1050 781 ἀκόντια
1098 722 1332 783 ἕκαστος
1377 722 1469 780 καὶ
1516 721 1680 797 ξίφος
1727 722 1894 803 εἶχον,

302 809 595 891 ἀγχοτάτω
629 814 764 889 τῇσι
800 809 1144 889 Αἰγυπτίῃσι
1177 808 1492 887 μαχαίρῃσι
1530 812 1895 886 πεποιημένα.

303 896 459 958 ὀὗτοι
497 901 601 975 μὲν
640 897 705 957 τὸ
746 897 990 956 παλαιόν
1012 896 1315 976 ’Υπαχαιοὶ
1350 897 1669 956 ἐκαλέοντο·
1711 899 1805 963 ἐπὶ
1837 900 1896 959 δὲ

300 987 537 1049 Κίλικος
571 988 672 1044 τοῦ
709 982 1031 1064 Ἀγήνορος,
1066 983 1263 1061 ἀνδρὸς
1287 984 1556 1054 Φοίνικος,
1583 985 1754 1064 ἔσχον
1791 985 1896 1063 τήν

300 1074 629 1149 ἐπωνυμίην.
713 1071 1055 1147 Πάμφυλοιο
1084 1071 1146 1130 δὲ
1201 1070 1497 1147 τριήκοντα
1562 1074 1893 1151 παρείχοντο

297 1161 423 1222 νέας
445 1160 832 1235 Ἑλληνικοῖσι
857 1157 1091 1217 ὅπλοισι
1116 1159 1536 1235 ἐσκευασμένοι·
1565 1162 1618 1217 οἶ
1645 1159 1704 1218 δὲ
1730 1160 1893 1236 Πάμ-

300 1250 473 1322 φυλοι
516 1245 669 1305 οὗτοι
713 1246 823 1303 εἰσὶ
865 1248 975 1303 τῶν
1018 1250 1078 1304 ἐκ
1120 1246 1320 1322 Τροίης
1361 1243 1894 1307 ἀποσκεδασθέντων

204 1337 279 1393 92
300 1333 417 1410 ἅμα
454 1333 791 1411 Ἀμφιλόχῳ
836 1332 927 1391 καὶ
972 1333 1290 1412 Κάλχαντι.
1370 1331 1568 1391 Λύκιοι
1609 1332 1669 1393 δὲ
1703 1337 1892 1412 παρεί-

295 1447 467 1499 χοντο
508 1422 633 1484 νέας
668 1419 1027 1496 πεντήκοντα,
1068 1420 1455 1497 θωρηκοφόροι
1488 1445 1551 1480 τε
1587 1420 1766 1485 ἐόντες
1801 1424 1892 1483 καὶ

297 1508 718 1586 κνημιδοφόροι·
762 1507 915 1587 εἶχον
951 1508 1010 1567 δὲ
1050 1508 1188 1578 τόξα
1233 1508 1501 1585 κρανέϊνα,
1543 1509 1634 1567 καὶ
1669 1508 1893 1573 ὀΐστοῦς

297 1598 635 1674 καλαμίνους
660 1596 932 1673 ἀπτέρους
958 1597 1050 1655 καὶ
1077 1595 1323 1656 ἀκόντια·
1365 1596 1456 1655 ἐπὶ
1483 1596 1557 1668 δὲ,
1587 1596 1745 1675 αἷγᾶς
1775 1598 1892 1675 δέρ-

292 1710 446 1762 ματα
492 1684 620 1762 περὶ
664 1683 792 1747 τούς
840 1681 1018 1761 ὤμους
1065 1683 1442 1761 αἰωρεύμενα·-
1479 1684 1607 1760 περὶ
1652 1683 1712 1742 δὲ
1757 1688 1890 1764 τῇσι

295 1777 584 1852 κεφαλῇσι
615 1775 817 1835 πίλους
843 1776 1100 1849 πτεροῖσι
1130 1773 1763 1850 περιεστεφανωμένους·
1804 1778 1891 1855 ἐγ-

291 1861 529 1938 χειρίδια
555 1861 615 1919 δὲ
643 1862 735 1918 καὶ
764 1860 1009 1935 δρέπανα
1044 1859 1211 1937 εἶχον.
1295 1859 1494 1918 Λύκιοι
1535 1860 1594 1918 δὲ
1618 1862 1891 1938 Τερμίλαι

295 1949 609 2016 ἐκαλέοντο,
640 1952 700 2006 ἐκ
729 1945 957 2022 Κρήτης
996 1945 1308 2027 γεγονότες·
1350 1947 1440 2006 ἐπὶ
1481 1947 1540 2006 δὲ
1567 1947 1751 2007 Λύκου
1790 1956 1890 2009 τοῦ

294 2035 617 2103 Πανδίονος,
646 2031 844 2110 ἀνδρὸς
869 2030 1186 2107 Ἀθηναίου,
1216 2035 1385 2112 ἔσχον
1424 2035 1527 2110 τὴν
1561 2037 1889 2113 ἐπωνυμίην.

198 2124 273 2181 93
299 2121 535 2198 Δωριέες
574 2120 633 2178 δὲ
671 2123 723 2178 οἶ
762 2125 822 2178 ἐκ
856 2123 957 2194 τῆς
988 2119 1188 2196 Ἀσίης
1229 2121 1524 2196 τριήκοντα
1559 2124 1892 2201 παρείχοντο

291 2210 433 2277 νέας,
463 2209 680 2287 ἔχοντές
704 2232 768 2268 τε
791 2206 1101 2283 Ἑλληνικᾶ
1138 2207 1291 2266 ὅπλα
1328 2209 1420 2266 καὶ
1454 2209 1746 2290 γεγονότες
1777 2210 1890 2272 ‹in-6

292 2295 749 2372 Πελοποννήσου.
838 2299 1024 2373 Κᾶρες
1052 2295 1111 2354 δὲ
1141 2295 1526 2373 ἑβδομήκοντα
1558 2299 1892 2377 παρείχοντο

291 2383 431 2455 νέας,
477 2383 548 2441 τοὶ
588 2385 692 2458 μὲν
734 2381 889 2442 ἄλλα
927 2381 1174 2460 κατάπερ
1213 2382 1492 2459 Ἕλληνες
1535 2384 1889 2461 ἐσταλμένοι·

291 2470 446 2549 εἶχον
473 2469 532 2528 δὲ
560 2471 652 2528 καὶ
677 2471 921 2547 δρέπανα
949 2472 1041 2530 καὶ
1074 2472 1388 2554 ἐγχειρίδια,
1475 2469 1628 2531 οὗτοι
1663 2471 1724 2530 δὲ
1757 2473 1890 2533 οἵτι-

289 2583 377 2621 νες
430 2555 701 2633 πρότερον
762 2558 1073 2628 ἐκαλέοντο,
1132 2564 1191 2618 ἐν
1241 2562 1394 2618 τοῖσι
1449 2557 1725 2635 πρώτοισι
1778 2565 1890 2621 τῶν

289 2645 477 2726 λόγων
520 2644 747 2721 εἴρηται.
820 2643 1009 2708 Ἴωνες
1042 2646 1103 2704 δὲ
1139 2645 1336 2705 ἑκατὸν
1369 2646 1496 2708 νέας
1534 2646 1888 2725 παρείχοντο,

196 2735 271 2792 94
294 2733 693 2809 ἐσκευασμένοι
749 2730 822 2796 ὥς
864 2731 1161 2809 Ἕλληνες.
1235 2731 1420 2796 Ἴωνες
1474 2733 1549 2804 δὲ,
1595 2732 1735 2796 ὅσον
1785 2737 1890 2810 μὲν

286 2820 491 2899 χρόνον
528 2826 585 2880 ἐν
611 2820 1034 2900 Πελοποννήσῳ
1070 2821 1250 2881 οἴκεον
1284 2820 1390 2896 τὴν
1419 2815 1519 2882 νῦν,
1546 2822 1888 2898 καλεομένην

286 2907 559 2987 Ἀχαιΐην,
589 2909 681 2967 καὶ
716 2908 849 2986 πρὶν
882 2907 921 2985 ἦ
951 2908 1176 2970 Δάναόν
1212 2933 1274 2969 τε
1309 2909 1403 2968 καὶ
1438 2910 1658 2971 Ξοῦθον
1699 2907 1888 2968 ἅπικέ·

288 2997 426 3056 σθαι
469 3001 523 3059 ἐς
558 2995 1018 3072 Πελοπόννησον,
1055 2996 1124 3060 ὥς
1149 2995 1428 3072 Ἕλληνες
1469 2995 1722 3077 λέγουσι,
1764 3000 1890 3054 ἐκα-

287 3083 485 3143 λέοντο
513 3085 813 3164 Πελασγοὶ
839 3086 1152 3165 Αἰγιαλέες·
1193 3085 1285 3143 ἐπὶ
1317 3085 1376 3143 δὲ
1404 3081 1596 3145 Ἴωνος
1619 3086 1721 3142 τοῦ
1745 3081 1886 3144 Ξού-

194 3169 269 3229 95
290 3171 391 3230 θου
420 3169 624 3234 Ἴωνες.
706 3177 1001 3248 Νησιῶται
1044 3171 1103 3230 δὲ
1148 3171 1510 3231 ἑπτακαίδεκα
1552 3170 1887 3247 παρείχοντο

286 3257 427 3328 νέας,
454 3256 801 3337 ὠπλισμένοι
837 3259 909 3324 ὥς
931 3258 1231 3335 Ἓλληνες·
1274 3258 1365 3318 καὶ
1397 3261 1566 3319 τοῦτο
1593 3259 1886 3336 Πελασγι-
