2259 3500
317 161 412 209 303
924 159 1293 211 ἮΡοΔοτοτ
1790 161 1924 227 [IX.

233 241 311 308 55
331 239 415 314 ε’ίη
441 237 674 308 ποιέειν;
707 237 806 302 Ὧς
825 238 884 298 δὲ
909 237 1139 298 ἀπίκετο
1165 237 1199 297 ὅ
1226 235 1401 314 κήρυξ
1424 239 1480 300 ἔς
1504 235 1637 302 τοῦς
1659 239 1933 300 Λακεδαι-

327 327 566 402 μονίους,
597 325 709 403 ὥρα
734 327 800 385 τέ
823 333 1008 402 σφεας
1045 326 1186 386 κατά
1211 325 1399 405 χώρην
1422 327 1805 406 τεταγμένους,
1835 329 1931 388 καὶ

330 419 386 476 ε’ς
425 415 602 472 νείκεα
643 412 979 494 ἀπιγμένους
1019 413 1200 474 αὐτῶν
1237 413 1366 476 τούς
1397 413 1666 490 πρώτους·
1710 414 1783 478 ὥς
1815 416 1929 497 γάρ

329 501 398 576 δὴ
439 503 852 583 παρηγορέοντο
883 502 983 562 τὸν
1007 502 1441 579 Ἀμομφάρετον
1477 501 1509 560 ὅ
1544 527 1607 561 τε
1639 501 1933 580 Εύρυάναξ

329 591 422 648 καὶ
462 590 494 650 6
535 591 861 666 Παυσανίης
899 591 980 667 μὴ
1021 589 1345 650 κινδυνεύειν
1387 590 1653 666 μένοντας
1693 591 1931 668 μούνους

329 679 791 756 Λακεδαιμονίων,
836 677 900 737 οὗ
949 703 1052 740 κως
1085 679 1322 737 ἔπειθον·
1382 682 1436 740 ἐς
1483 677 1516 736 ὃ
1561 683 1614 740 ἐς
1651 679 1832 738 νείκεά
1865 707 1929 740 τε

328 767 711 843 συμπεσόντες
744 766 1027 836 ἀπικέατο,
1068 766 1159 824 καὶ
1196 765 1229 824 6
1266 766 1439 842 κήρυξ
1476 769 1586 825 τῶν
1620 765 1928 843 Ἀθηναίων

326 853 642 933 παρίστατό
683 861 795 930 σφι
835 853 1158 935 ἀπιγμένος·
1215 855 1431 914 νεικέων
1469 854 1527 912 δὲ
1559 853 1590 913 6
1627 853 1925 932 Ἀμομφά-

327 969 500 1020 ρετος,
530 943 814 1020 λαμβάνει
851 941 1053 1019 πέτρον
1079 941 1436 1020 ἀμφοτέρῃσι
1462 946 1597 1019 τῇσι
1622 945 1803 1020 χερσὶ,
1834 945 1927 1002 καὶ

329 1033 498 1095 τιθεὶς
534 1032 644 1108 πρὸ
676 1031 860 1089 ποδῶν
889 1033 999 1090 τῶν
1037 1030 1385 1099 Παυσανίεω,
1426 1029 1599 1108 ταύτῃ
1640 1034 1713 1107 τῇ
1752 1032 1926 1112 ψήφῳ

327 1119 673 1194 ψηφίζεσθαι
728 1119 837 1193 ἔφη
877 1118 958 1193 μή
1002 1118 1227 1196 φεύγειν
1271 1117 1399 1179 τούς
1440 1117 1665 1186 ξείνους·
1720 1119 1927 1188 ξείνους

327 1206 505 1284 λέγων
549 1205 678 1268 τούς
722 1205 1072 1281 βαρβάρους·
1135 1202 1169 1263 o‘
1219 1205 1277 1263 δὲ
1328 1205 1663 1282 μαινόμενον
1716 1208 1807 1265 καὶ
1858 1207 1925 1267 οὗ

325 1293 606 1369 φρενήρεα
661 1295 872 1352 καλέων
926 1297 1147 1363 ἐκεῖνον,
1196 1293 1335 1370 πρός
1379 1319 1441 1353 τε
1482 1293 1581 1352 τὸν
1618 1292 1928 1370 Ἀθηναίων

328 1379 535 1456 κήρυκα
570 1385 942 1459 ἐπειρωτῶντα
968 1380 1039 1441 τά
1069 1382 1452 1458 ἐντεταλμένα,
1480 1383 1667 1462 λέγειν
1704 1381 1735 1441 6
1772 1389 1925 1443 Παυ-

328 1470 524 1545 σανίης
552 1471 768 1529 ἐκέλευε
792 1470 864 1530 rot
889 1469 1166 1546 παρεόντα
1200 1476 1311 1545 σφι
1346 1469 1665 1550 πρήγματα,
1706 1471 1930 1549 ε’χρήῖζέ

327 1583 390 1616 τε
427 1562 536 1617 τῶν
574 1555 882 1634 Ἀθηναίων
933 1559 1351 1636 προσχωρῆσαί
1384 1582 1446 1617 τε
1491 1557 1632 1634 πρός
1678 1560 1923 1631 ἔωυτούς,

329 1645 420 1703 καὶ
463 1649 668 1706 ποιέειν
713 1649 839 1724 περὶ
881 1649 984 1722 τῆς
1025 1644 1237 1705 ἀπόδου
1278 1645 1454 1722 τάπερ
1492 1643 1559 1705 ἂν
1602 1645 1692 1704 καὶ
1736 1650 1923 1722 σφεῖς.

231 1733 308 1793 56
329 1733 443 1793 Καὶ
473 1735 505 1795 o‘
535 1738 639 1812 μὲν
681 1734 1092 1795 ἀπαλλάσσετο
1127 1738 1182 1797 ἐς
1211 1733 1341 1797 τούς
1369 1731 1710 1809 Ἀθηναίους.
1795 1735 1925 1800 τούς

325 1822 386 1881 δὲ
419 1825 536 1882 ἐπεὶ
573 1824 1026 1901 ἀνακρινομένους
1059 1821 1199 1898 πρός
1231 1821 1460 1885 ἔωυτοῦς
1496 1821 1607 1897 ἤώς
1649 1823 1923 1901 κατελάμ-

326 1911 485 1985 βανε,
515 1918 572 1971 ἐν
598 1912 770 1989 τούτῳ
797 1915 873 1989 τῷ
897 1910 1080 1989 χρόνῳ
1103 1910 1405 1986 κατήμενος
1433 1909 1465 1970 6
1493 1912 1834 1987 Παυσανίης,
1857 1912 1923 1972 οὖ

327 1997 525 2057 δοκέων
551 1999 648 2058 τὸν
673 1996 1106 2073 Ἀμομφάρετον
1134 1998 1434 2074 λείψεσθαι
1460 2002 1570 2058 τῶν
1594 1998 1784 2058 ἄλλων
1808 2007 1922 2059 Λα·-

328 2086 678 2162 κεδαιμονίων
731 2084 1193 2164 ἀποστειχόντων,
1246 2086 1339 2165 (τά
1393 2086 1460 2162 δή
1518 2087 1607 2144 καὶ
1664 2088 1921 2168 ε’γένετο,)

329 2173 586 2249 σημῄνας
619 2172 802 2253 ἀπῆγε
835 2171 925 2231 διά
950 2176 1060 2232 τῶν
1094 2176 1350 2232 κολωνῶν
1376 2176 1504 2237 τούς
1531 2174 1763 2237 λοιποῦς
1788 2174 1921 2234 πάν-

325 2286 442 2322 τας·
486 2260 707 2319 εἴποντο
736 2260 794 2319 δὲ
823 2261 914 2319 καὶ
949 2263 1240 2342 Τεγεῆται·
1282 2260 1570 2337 Ἀθηναῖοι
1603 2262 1663 2321 δὲ
1693 2263 1922 2341 ταχθέν-

325 2373 416 2410 τες
442 2347 613 2422 ἤϊσαν
647 2348 717 2407 τά
755 2350 996 2426 ἔμπαλιν
1029 2347 1066 2424 ἢ
1103 2348 1549 2425 Λακεδαιμόνιοι·
1594 2352 1645 2408 οἱ
1677 2352 1779 2426 μὲν
1809 2348 1920 2431 γάρ

327 2439 436 2495 τῶν
488 2462 550 2495 τε
603 2434 784 2516 ὄχθων
838 2436 1156 2516 ἀντείχοντο
1213 2436 1305 2495 καὶ
1350 2440 1449 2511 τῆς
1500 2436 1768 2514 ὖπωρείης
1821 2442 1921 2497 τοῦ

325 2524 668 2602 Κιθαιρῶνος
724 2525 1067 2602 φοβεόμενοι
1119 2524 1225 2601 τὴν
1282 2525 1467 2595 ἵππον,
1520 2524 1809 2601 Ἀθηναῖοι
1862 2526 1923 2584 δὲ

227 2609 305 2672 57
325 2610 468 2671 κάτω
508 2612 846 2689 τραφθέντες
879 2617 933 2675 ἐς
963 2612 1028 2672 τὰ
1067 2612 1273 2671 πεδίον.
1356 2611 1791 2688 Ἀμομφάρετος
1844 2613 1921 2682 δὲ,

323 2698 501 2779 ἀρχήν
520 2726 580 2760 τε
603 2699 817 2776 οὐδαμοῖ
841 2700 1042 2759 δοκέων
1063 2699 1395 2776 Παυσανίην
1407 2699 1721 2776 τολμήσειν
1740 2701 1923 2776 σφέας

322 2786 636 2857 ἀπολιπεῖν,
685 2790 993 2865 περιείχετο
1036 2785 1205 2845 αὐτοῦ
1244 2790 1510 2863 μένοντας
1549 2788 1631 2864 μὴ
1677 2792 1925 2847 ἐκλιπεῖν

321 2874 425 2949 τήν
462 2866 652 2943 ’τάξιν
714 2873 1120 2951 προτερεόντων
1173 2874 1232 2931 δὲ
1277 2879 1387 2934 τῶν
1440 2875 1547 2934 σῦν
1601 2876 1918 2953 Παυσανίῃ,

323 2962 628 3031 καταδόξας
655 2961 852 3023 αὐτους
881 2962 1019 3038 ἷθείῃ
1047 2962 1217 3039 τέχνῃ
1254 2960 1553 3022 ἀπολιπεῖν
1580 2961 1764 3031 αὗτόν,
1794 2962 1923 3021 ἀνα-

321 3050 580 3123 λαβοντα
618 3047 718 3107 τᾶν
756 3048 936 3126 λόχον
973 3047 1046 3106 τοὶ
1088 3046 1240 3105 ὅπλα
1280 3048 1385 3128 ἦγε
1431 3048 1618 3124 βάδην
1664 3049 1806 3125 πρὸς
1854 3048 1923 3108 τό

322 3132 472 3191 αλλο
509 3138 735 3208 στῖφος·
776 3134 844 3193 τὸ
877 3135 950 3203 δὲ,
981 3133 1299 3194 ἀπελθόν”’
1268 3160 1409 3195 οσον
1443 3160 1505 3194 τε
1541 3136 1672 3194 δεκα
1700 3136 1923 3205 στάδια,

320 3217 548 3293 ἀνεμενε
608 3220 709 3299 τδν
761 3220 1201 3297 Ἀμομφαρέτου
1254 3221 1431 3299 λόχον
1484 3223 1611 3299 περὶ
1664 3223 1925 3299 ποταμόν

322 3303 624 3362 Μολόεντα
660 3304 947 3380 ἱδρυμένον
979 3304 1307 3384 Ἀργιόπιόν
1338 3331 1401 3364 τε
1434 3312 1619 3383 χῶρον
1652 3308 1920 3383 καλεόμε-
