2259 3500
294 102 391 155 170
876 100 1244 151 ‘HPOAOTOT
1735 101 1795 163 [ν
1813 102 1888 151 11.

291 187 459 254 νειοῦ,
502 180 595 241 καὶ
630 180 952 249 Ἀπιδανοῦ,
994 181 1086 239 καὶ
1123 178 1456 259 Ὀνοχώνου,
1494 180 1586 239 καὶ
1623 178 1892 253 Ἐνιπέος,

292 270 385 327 καὶ
412 270 698 346 Παμίσου,
729 272 782 327 οἱ
806 270 910 345 μέν
940 294 1035 328 νυν
1068 273 1122 331 ἐς
1154 266 1220 328 vd
1259 268 1448 327 πεδίον
1483 272 1652 328 τοῦτο
1685 273 1892 329 συλλε-

293 356 521 437 γόμενοι
550 361 608 415 ἐκ
634 361 743 415 τῶν
770 356 971 434 οὐρέων
1002 361 1111 416 τῶν
1144 355 1575 433 περικληῖόντων
1609 353 1712 431 τὴν
1747 363 1892 417 Θεσ-

294 445 503 519 σαλίην
537 442 983 521 οὖνομαζόμενοι,
1018 443 1084 502 δι’
1118 443 1237 507 {vde
1273 443 1535 514 αὐλῶνος,
1565 445 1657 503 καὶ
1691 443 1894 505 τούτου

294 536 531 601 στεινοῦ,
561 532 750 608 ἔκροον
778 533 969 611 ἔχουσι
998 536 1051 593 ἐς
1079 530 1401 601 θάλασσαν,
1427 532 1891 611 προσυμμίσγον-

290 643 382 682 τες
405 619 471 678 τὰ
508 618 649 696 ὕδωρ
675 619 875 683 πάντες
902 625 955 682 ἐς
978 618 1178 679 τώυτό·
1221 618 1387 679 ἐπεοὶν
1414 619 1474 678 δὲ
1499 619 1892 697 συμμιχθέωσι

290 706 553 785 τάχιστα,
582 709 830 768 ἐνθεῦτεν
855 705 963 784 ἤδη
988 706 1022 767 ὅ
1049 707 1288 783 Πηνειὸς
1312 710 1390 785 τῷ
1421 705 1684 783 οὐνόματι
1725 732 1889 765 κατα-

288 803 547 877 κρατέων,
576 802 887 879 ἀνωνύμους
912 801 1038 864 τοῦς
1062 801 1273 864 ἄλλους
1300 801 1438 861 εἶναι
1465 801 1652 861 ποιέει.
1736 800 1819 861 τὰ
1831 802 1891 861 δὲ

290 890 537 950 παλαιὸν
580 891 820 972 λέγεται,
869 888 969 949 οὔκ
1013 888 1199 952 ἐόντος
1242 916 1317 947 κω
1359 892 1459 949 τοῦ
1503 887 1751 953 αὐλῶνος
1797 892 1890 950 καὶ

294 976 543 1055 διεκρόου
582 978 797 1047 τούτου,
838 977 968 1041 τοῦς
1005 977 1292 1055 ποταμοῦς
1329 977 1574 1048 τούτους,
1617 978 1708 1037 καὶ
1751 978 1890 1055 πρός

290 1069 443 1124 τοῖσι
469 1070 776 1142 ποταμοῖσι
800 1064 1053 1125 τούτοισι
1078 1064 1183 1140 τὴν
1209 1064 1490 1142 Βοιβηΐδα
1516 1066 1736 1142 λίμνην,
1765 1065 1890 1125 οὔτε

292 1150 699 1229 οὗνομοῖζεσθαι
737 1152 979 1229 κατάπερ
1016 1156 1111 1212 νῦν
1147 1153 1292 1229 ῥέειν
1326 1178 1388 1212 τε
1435 1147 1589 1212 οῦδὲν
1630 1151 1818 1229 ἧσσον
1850 1150 1889 1229 ἢ

290 1242 414 1298 νῦν·
478 1240 701 1315 ῥέοντας
753 1241 813 1299 δὲ
874 1241 1081 1299 ποιέειν
1145 1238 1253 1315 τήν
1311 1242 1640 1316 Θεσσαλΐην
1696 1245 1888 1301 πᾶσαν

288 1326 563 1407 πέλαγος·
605 1327 763 1387 αὐτοὶ
788 1328 891 1404 μέν
915 1354 1011 1387 νυν
1035 1328 1336 1387 Θεσσαλοί
1357 1334 1506 1405 φασι
1532 1328 1888 1388 Ποσειδέωνα

289 1416 529 1489 ποιῆσαι
567 1414 667 1475 τὸν
706 1414 929 1475 αὐλῶνα
956 1414 1035 1473 ,δι’
1076 1413 1142 1475 οὗ
1177 1417 1289 1492 ῥέει
1325 1442 1356 1475 ο
1398 1414 1654 1492 Πηνειος,
1699 1415 1888 1476 οἰκότα

291 1502 577 1581 λέγοντες·
634 1502 790 1566 ὅστις
831 1502 941 1583 γοῖρ
983 1504 1193 1581 νομίζει
1233 1503 1594 1563 Ποσειδέωνα
1638 1528 1742 1577 την
1779 1508 1888 1584 γῆν

291 1589 479 1659 σείειν,
529 1590 621 1649 καὶ
671 1591 743 1650 τοὶ
797 1591 1096 1649 διεστεῶτα
1145 1590 1258 1650 ὖπό
1311 1594 1554 1668 σεισμοῦ
1605 1594 1706 1649 τοῦ
1758 1592 1886 1651 θεοῦ

289 1675 488 1736 τούτου
526 1679 659 1760 ἔργα
692 1679 845 1752 εἶναι,
877 1678 971 1737 καὶ
1010 1676 1079 1739 ἂν
1120 1682 1295 1738 ἐκεῖνο
1337 1678 1463 1738 ἶὸῶν
1504 1679 1646 1756 φαίη
1679 1684 1886 1738 Ποσει-

290 1763 461 1825 δέωνα
503 1771 767 1842 ποιῆσαι·
824 1768 945 1827 ἔστι
987 1765 1098 1847 γὰρ
1143 1770 1384 1844 σεισμοῦ
1426 1766 1604 1847 ἔργον,
1651 1766 1721 1829 ὥς
1764 1768 1888 1845 ἐμοὶ

200 1853 311 1910 130
334 1853 592 1928 ἐφαίνετο
648 1855 802 1926 εἶναι,
843 1853 881 1930 ἦ
923 1853 1220 1918 διάστασις
1257 1859 1367 1913 τῶν
1407 1853 1658 1934 οὐρέων)
1713 1858 1787 1914 Oe}
1827 1855 1886 1915 δὲ

290 1940 700 2020 κατηγεόμενοι,
730 1941 1012 2017 εἰρομένου
1037 1941 1255 2018 Ξέρξεω
1283 1945 1330 2000 εἷ
1365 1944 1487 2001 ἔστι
1523 1940 1676 2018 ἄλλη
1703 1942 1887 2012 ἔξοδος

290 2030 344 2089 ἐς
390 2027 695 2086 θάλασσαν
735 2031 812 2105 τῷ
854 2033 1090 2106 Πηνειῷ,
1141 2028 1562 2106 ἐξεπιστάμενοι
1604 2028 1882 2106 ἀτρεκέως,

290 2113 473 2172 εἶπον·
529 2125 565 2149 “
579 2116 847 2191 βασιλεῦ,
900 2120 1132 2195 ποταμῷ
1184 2117 1359 2196 τούτῳ
1413 2117 1513 2176 οὐκ
1567 2118 1689 2178 ἔστι
1735 2116 1888 2196 ἄλλη

291 2199 554 2276 ἐξήλυσις
594 2206 649 2264 ἐς
691 2201 995 2263 θάλασσαν
1036 2203 1372 2280 κατήκουσα,
1412 2204 1542 2264 ἀλλ’
1581 2205 1681 2282 ἥδε
1720 2205 1887 2283 αυτ-η’·

290 2312 481 2364 ουρεσι
542 2289 653 2368 γὰρ
722 2290 1233 2402 περιεστεφάνωται
1302 2297 1465 2352 πᾶσα
1526 2295 1851 2370 Θεσσαλίη·
1855 2294 1888 2317 ”

291 2374 502 2451 Ξέρξεα
556 2376 615 2435 δὲ
672 2377 899 2458 λέγεται
958 2381 1129 2438 εἰπεῖν
1186 2379 1327 2456 πρός
1385 2383 1586 2440 ταῦτα·
1657 2391 1692 2417 “
1709 2374 1890 2458 σοφοὶ

290 2460 481 2538 ἄνδρες
507 2464 618 2522 εἰσὶ
643 2465 965 2525 Θεσσαλοί·
1004 2465 1158 2526 ταῦτ’
1195 2494 1304 2545 αρα
1342 2467 1454 2546 πρό
1493 2472 1716 2529 πολλοῦ
1757 2475 1886 2546 ἐφυ-

289 2547 534 2618 λάξαντο
574 2555 1072 2632 γνωσιμαχέοντες,
1108 2555 1200 2613 καὶ
1233 2553 1423 2614 τᾶλλα
1459 2556 1552 2614 καὶ
1587 2556 1673 2617 ὅτι
1702 2557 1890 2636 χώρην

286 2635 397 2714 ἄρα
438 2637 589 2717 εἶχον
630 2637 908 2717 εὐαίρετόν
945 2667 1007 2701 τε
1048 2643 1141 2700 καὶ
1153 2642 1589 2755 nraxvakmrov?
1640 2645 1739 2704 τὸν
1778 2644 1890 2726 γοὶρ

288 2725 547 2802 ποταμόν
576 2731 813 2808 πρῆγμα
852 2755 921 2789 αν
959 2728 1030 2804 ἦν
1068 2734 1277 2806 μοῦνον
1317 2733 1532 2791 ἐπεῖναί
1566 2738 1758 2808 σφεων
1801 2733 1893 2791 ἐπὶ

285 2813 391 2888 τὴν
428 2839 633 2893 χωρην,
673 2815 893 2895 χώματι
936 2821 997 2874 ἐκ
1042 2821 1142 2876 τοῦ
1186 2819 1432 2881 αὐλῶνος
1476 2819 1891 2895 ἐκβιβάσαντα,

290 2901 382 2959 καὶ
407 2903 840 2980 παρατρέψαντα
865 2903 931 2962 δι’
959 2902 1034 2963 ὧν
1060 2909 1158 2964 νῦν
1177 2905 1289 2982 ῥέει
1307 2907 1560 2982 ῥεέθρων·
1587 2905 1732 2967 ὥστε
1748 2913 1893 2967 Θεσ-
1943 2979 1946 2983 ,

289 2990 497 3064 σαλίην
526 2993 722 3050 πᾶσαν
757 2991 856 3059 ἔξω
889 2995 999 3049 τῶν
1036 2989 1240 3066 ουρέων
1269 2991 1573 3071 υπόβρυχα
1605 2993 1892 3074 γενέσθαι.

288 3079 463 3134 ταῦτα
491 3076 550 3134 δὲ
578 3077 776 3154 ἔχοντα
818 3078 977 3158 ἔλεγε
1009 3081 1064 3140 ἐς
1101 3077 1232 3141 τούς
1271 3077 1511 3138 Ἀλεύεω
1536 3080 1755 3155 παῖδας,
1784 3081 1896 3160 (ὅτι

288 3165 498 3236 πρῶτοι
535 3163 843 3241 Ἑλλήνων,
873 3165 1053 3229 ἐόντες
1080 3166 1392 3240 Θεσσαλοὶ,
1433 3165 1636 3228 ἔδοσαν
1663 3168 1895 3232 ἐωυτοῦς

289 3247 566 3328 βασιλέῖ,)
604 3251 807 3313 δοκέων
846 3252 877 3313 ὅ
919 3252 1130 3330 Ξέρξης
1169 3253 1282 3312 ἀπὸ
1323 3253 1531 3315 παντός
1570 3259 1755 3330 σφεας
1794 3259 1895 3314 τοῦ
