<?xml version="1.0" encoding="UTF-8"?>
<!DOCTYPE html PUBLIC "-//W3C//DTD XHTML 1.0 Transitional//EN"
    "http://www.w3.org/TR/xhtml1/DTD/xhtml1-transitional.dtd">
<html xmlns="http://www.w3.org/1999/xhtml" xml:lang="en" lang="en">
 <head>
  <title>
</title>
<meta http-equiv="Content-Type" content="text/html;charset=utf-8" />
  <meta name='ocr-system' content='tesseract 3.04.00' />
  <meta name='ocr-capabilities' content='ocr_page ocr_carea ocr_par ocr_line ocrx_word'/>
</head>
<body>
  <div class='ocr_page' id='page_1' title='image "./herodotus18herogoog_0168.png"; bbox 0 0 2259 3500; ppageno 0'>
   <div class='ocr_carea' id='block_1_1' title="bbox 254 145 1990 3378">
    <p class='ocr_par' dir='ltr' id='par_1_1' title="bbox 254 145 1990 3378">
     <span class='ocr_line' id='line_1_1' title="bbox 348 145 1941 211; baseline -0.001 -12"><span class='ocrx_word' id='word_1_1' title='bbox 348 152 439 201; x_wconf 86' lang='lat'>160</span> <span class='ocrx_word' id='word_1_2' title='bbox 955 145 1325 196; x_wconf 70' lang='grc' dir='ltr'>ἪΡοΔοωοϊ</span> <span class='ocrx_word' id='word_1_3' title='bbox 1785 158 1798 211; x_wconf 71' lang='lat'><em>1</em></span> <span class='ocrx_word' id='word_1_4' title='bbox 1824 148 1941 197; x_wconf 74' lang='lat' dir='ltr'>vu.</span> 
     </span>
     <span class='ocr_line' id='line_1_2' title="bbox 341 224 1944 309; baseline -0.001 -19"><span class='ocrx_word' id='word_1_5' title='bbox 341 230 409 291; x_wconf 90' lang='grc' dir='ltr'>τέ</span> <span class='ocrx_word' id='word_1_6' title='bbox 444 232 574 290; x_wconf 81' lang='grc' dir='ltr'>εἶσι·</span> <span class='ocrx_word' id='word_1_7' title='bbox 611 225 685 306; x_wconf 84' lang='grc' dir='ltr'>ἥν</span> <span class='ocrx_word' id='word_1_8' title='bbox 723 252 787 289; x_wconf 87' lang='grc' dir='ltr'>τε</span> <span class='ocrx_word' id='word_1_9' title='bbox 824 226 935 309; x_wconf 87' lang='grc' dir='ltr'>γοὶρ</span> <span class='ocrx_word' id='word_1_10' title='bbox 965 226 1180 305; x_wconf 80' lang='grc' dir='ltr'>τύχωσι</span> <span class='ocrx_word' id='word_1_11' title='bbox 1218 224 1707 304; x_wconf 80' lang='grc' dir='ltr'>ἐξεστρατευμένοι</span> <span class='ocrx_word' id='word_1_12' title='bbox 1745 226 1944 303; x_wconf 84' lang='grc' dir='ltr'>χίλιοι,</span> 
     </span>
     <span class='ocr_line' id='line_1_3' title="bbox 346 312 1947 396; baseline -0.001 -17"><span class='ocrx_word' id='word_1_13' title='bbox 346 315 500 379; x_wconf 73' lang='grc' dir='ltr'>οὗτοι</span> <span class='ocrx_word' id='word_1_14' title='bbox 540 316 904 396; x_wconf 85' lang='grc' dir='ltr'>μαχήσονταί</span> <span class='ocrx_word' id='word_1_15' title='bbox 931 339 1036 387; x_wconf 85' lang='grc' dir='ltr'>τοι,</span> <span class='ocrx_word' id='word_1_16' title='bbox 1065 312 1138 388; x_wconf 86' lang='grc' dir='ltr'>ἦν</span> <span class='ocrx_word' id='word_1_17' title='bbox 1168 336 1230 372; x_wconf 87' lang='grc' dir='ltr'>τε</span> <span class='ocrx_word' id='word_1_18' title='bbox 1268 312 1580 377; x_wconf 85' lang='grc' dir='ltr'>ἐλάσσονες</span> <span class='ocrx_word' id='word_1_19' title='bbox 1616 313 1843 385; x_wconf 81' lang='grc' dir='ltr'>τούτων,</span> <span class='ocrx_word' id='word_1_20' title='bbox 1875 314 1947 392; x_wconf 79' lang='grc' dir='ltr'>ἥν</span> 
     </span>
     <span class='ocr_line' id='line_1_4' title="bbox 254 400 1946 483; baseline -0.003 -18"><span class='ocrx_word' id='word_1_21' title='bbox 254 407 370 466; x_wconf 86' lang='grc'>103</span> <span class='ocrx_word' id='word_1_22' title='bbox 387 431 449 465; x_wconf 86' lang='grc' dir='ltr'>τε</span> <span class='ocrx_word' id='word_1_23' title='bbox 475 406 568 463; x_wconf 85' lang='grc' dir='ltr'>καὶ</span> <span class='ocrx_word' id='word_1_24' title='bbox 592 401 877 465; x_wconf 82' lang='grc' dir='ltr'>πλεῦνες.”</span> <span class='ocrx_word' id='word_1_25' title='bbox 956 404 1145 461; x_wconf 80' lang='grc' dir='ltr'>Ταῦτα</span> <span class='ocrx_word' id='word_1_26' title='bbox 1171 400 1419 463; x_wconf 85' lang='grc' dir='ltr'>α’κούσας</span> <span class='ocrx_word' id='word_1_27' title='bbox 1443 400 1670 478; x_wconf 70' lang='grc' dir='ltr'>Ξέρξης,</span> <span class='ocrx_word' id='word_1_28' title='bbox 1691 402 1946 483; x_wconf 80' lang='grc' dir='ltr'>γελάσας</span> 
     </span>
     <span class='ocr_line' id='line_1_5' title="bbox 347 488 1945 569; baseline -0.001 -16"><span class='ocrx_word' id='word_1_29' title='bbox 347 493 478 569; x_wconf 80' lang='grc' dir='ltr'>ἔφη·</span> <span class='ocrx_word' id='word_1_30' title='bbox 546 501 583 527; x_wconf 87' lang='grc'><strong>“</strong></span> <span class='ocrx_word' id='word_1_31' title='bbox 599 489 917 567; x_wconf 79' lang='grc' dir='ltr'>Δημάρητε,</span> <span class='ocrx_word' id='word_1_32' title='bbox 946 489 1063 548; x_wconf 80' lang='grc' dir='ltr'>οἷον</span> <span class='ocrx_word' id='word_1_33' title='bbox 1090 488 1372 569; x_wconf 81' lang='grc' dir='ltr'>ἐφθέγξαο</span> <span class='ocrx_word' id='word_1_34' title='bbox 1399 489 1546 558; x_wconf 84' lang='grc' dir='ltr'>ἔπος,</span> <span class='ocrx_word' id='word_1_35' title='bbox 1572 488 1775 566; x_wconf 76' lang='grc' dir='ltr'>ἄνδρας</span> <span class='ocrx_word' id='word_1_36' title='bbox 1797 494 1945 569; x_wconf 82' lang='grc' dir='ltr'>χιλί-</span> 
     </span>
     <span class='ocr_line' id='line_1_6' title="bbox 349 574 1990 657; baseline -0.004 -16"><span class='ocrx_word' id='word_1_37' title='bbox 349 606 446 644; x_wconf 86' lang='grc' dir='ltr'>ους</span> <span class='ocrx_word' id='word_1_38' title='bbox 471 581 710 657; x_wconf 81' lang='grc' dir='ltr'>στρατιῇ</span> <span class='ocrx_word' id='word_1_39' title='bbox 733 576 944 656; x_wconf 74' lang='grc' dir='ltr'>τοσῇδε</span> <span class='ocrx_word' id='word_1_40' title='bbox 968 574 1362 655; x_wconf 86' lang='grc' dir='ltr'>μαχήσασθαι·</span> <span class='ocrx_word' id='word_1_41' title='bbox 1430 576 1550 657; x_wconf 74' lang='grc' dir='ltr'>ἆγε,</span> <span class='ocrx_word' id='word_1_42' title='bbox 1580 577 1704 635; x_wconf 85' lang='grc' dir='ltr'>εἶπέ</span> <span class='ocrx_word' id='word_1_43' title='bbox 1725 602 1839 653; x_wconf 89' lang='grc' dir='ltr'>μοι,</span> <span class='ocrx_word' id='word_1_44' title='bbox 1869 578 1944 639; x_wconf 67' lang='grc' dir='ltr'>σι)</span> <span class='ocrx_word' id='word_1_45' title='bbox 1979 624 1990 635; x_wconf 88' lang='grc'>.</span> 
     </span>
     <span class='ocr_line' id='line_1_7' title="bbox 349 662 1943 747; baseline -0.003 -18"><span class='ocrx_word' id='word_1_46' title='bbox 349 668 464 747; x_wconf 78' lang='grc' dir='ltr'>φῂς</span> <span class='ocrx_word' id='word_1_47' title='bbox 499 666 708 729; x_wconf 81' lang='grc' dir='ltr'>τούτων</span> <span class='ocrx_word' id='word_1_48' title='bbox 744 669 857 725; x_wconf 74' lang='grc' dir='ltr'>τῶν</span> <span class='ocrx_word' id='word_1_49' title='bbox 891 663 1103 742; x_wconf 72' lang='grc' dir='ltr'>ἀνδρῶν</span> <span class='ocrx_word' id='word_1_50' title='bbox 1141 662 1305 727; x_wconf 74' lang='grc' dir='ltr'>αὐτὸς</span> <span class='ocrx_word' id='word_1_51' title='bbox 1339 662 1621 740; x_wconf 72' lang='grc' dir='ltr'>βασιλεῦς</span> <span class='ocrx_word' id='word_1_52' title='bbox 1651 666 1943 745; x_wconf 68' lang='grc' dir='ltr'>γενέσθαι,</span> 
     </span>
     <span class='ocr_line' id='line_1_8' title="bbox 348 751 1946 830; baseline -0.003 -13"><span class='ocrx_word' id='word_1_53' title='bbox 348 756 427 817; x_wconf 72' lang='grc' dir='ltr'>σι)</span> <span class='ocrx_word' id='word_1_54' title='bbox 469 755 543 816; x_wconf 81' lang='grc' dir='ltr'>ὧν</span> <span class='ocrx_word' id='word_1_55' title='bbox 587 753 874 830; x_wconf 78' lang='grc' dir='ltr'>ἐθελήσεις</span> <span class='ocrx_word' id='word_1_56' title='bbox 916 752 1111 811; x_wconf 73' lang='grc' dir='ltr'>αὐτίκα</span> <span class='ocrx_word' id='word_1_57' title='bbox 1152 751 1312 829; x_wconf 88' lang='grc' dir='ltr'>μάλα</span> <span class='ocrx_word' id='word_1_58' title='bbox 1366 752 1507 829; x_wconf 80' lang='grc' dir='ltr'>πρός</span> <span class='ocrx_word' id='word_1_59' title='bbox 1558 751 1760 829; x_wconf 73' lang='grc' dir='ltr'>ἄνδρας</span> <span class='ocrx_word' id='word_1_60' title='bbox 1814 752 1946 813; x_wconf 89' lang='grc' dir='ltr'>δέκα</span> 
     </span>
     <span class='ocr_line' id='line_1_9' title="bbox 346 837 1945 925; baseline -0.001 -21"><span class='ocrx_word' id='word_1_61' title='bbox 346 844 632 925; x_wconf 83' lang='grc' dir='ltr'>μάχεσθαι</span> <span class='ocrx_word' id='word_1_62' title='bbox 640 870 656 913; x_wconf 88' lang='grc'><strong>;</strong></span> <span class='ocrx_word' id='word_1_63' title='bbox 727 843 906 901; x_wconf 90' lang='grc' dir='ltr'>καίτοι</span> <span class='ocrx_word' id='word_1_64' title='bbox 956 844 1004 900; x_wconf 85' lang='grc' dir='ltr'>εἰ</span> <span class='ocrx_word' id='word_1_65' title='bbox 1044 840 1110 900; x_wconf 86' lang='grc' dir='ltr'><em>τό</em></span> <span class='ocrx_word' id='word_1_66' title='bbox 1152 837 1445 899; x_wconf 80' lang='grc' dir='ltr'>πολιτικὸν</span> <span class='ocrx_word' id='word_1_67' title='bbox 1489 838 1622 916; x_wconf 79' lang='grc' dir='ltr'>ὖμῖν</span> <span class='ocrx_word' id='word_1_68' title='bbox 1666 843 1782 899; x_wconf 76' lang='grc' dir='ltr'>πᾶν</span> <span class='ocrx_word' id='word_1_69' title='bbox 1823 842 1945 902; x_wconf 83' lang='grc' dir='ltr'>ἐστὶ</span> 
     </span>
     <span class='ocr_line' id='line_1_10' title="bbox 346 927 1947 1008; baseline -0.002 -16"><span class='ocrx_word' id='word_1_70' title='bbox 346 936 600 992; x_wconf 82' lang='grc' dir='ltr'>τοιοῦτον</span> <span class='ocrx_word' id='word_1_71' title='bbox 627 931 744 991; x_wconf 76' lang='grc' dir='ltr'>οἷον</span> <span class='ocrx_word' id='word_1_72' title='bbox 771 928 846 989; x_wconf 72' lang='grc' dir='ltr'>σύ</span> <span class='ocrx_word' id='word_1_73' title='bbox 869 928 1137 1005; x_wconf 86' lang='grc' dir='ltr'>διαιρέεις,</span> <span class='ocrx_word' id='word_1_74' title='bbox 1166 928 1240 987; x_wconf 92' lang='grc' dir='ltr'>σέ</span> <span class='ocrx_word' id='word_1_75' title='bbox 1259 952 1328 1008; x_wconf 92' lang='grc' dir='ltr'>γε</span> <span class='ocrx_word' id='word_1_76' title='bbox 1351 927 1667 995; x_wconf 74' lang='grc' dir='ltr'>τᾶν,κείνων</span> <span class='ocrx_word' id='word_1_77' title='bbox 1690 929 1947 1004; x_wconf 87' lang='grc' dir='ltr'>βασιλέα</span> 
     </span>
     <span class='ocr_line' id='line_1_11' title="bbox 346 1014 1944 1097; baseline -0.001 -18"><span class='ocrx_word' id='word_1_78' title='bbox 346 1021 549 1097; x_wconf 81' lang='grc' dir='ltr'>πρέπει</span> <span class='ocrx_word' id='word_1_79' title='bbox 578 1018 721 1096; x_wconf 83' lang='grc' dir='ltr'>πρὸς</span> <span class='ocrx_word' id='word_1_80' title='bbox 753 1016 820 1076; x_wconf 84' lang='grc' dir='ltr'><em>τό</em></span> <span class='ocrx_word' id='word_1_81' title='bbox 862 1014 1166 1091; x_wconf 86' lang='grc' dir='ltr'>διπλήσιον</span> <span class='ocrx_word' id='word_1_82' title='bbox 1202 1014 1647 1075; x_wconf 75' lang='grc' dir='ltr'>ἀντιτάσσεσθαι</span> <span class='ocrx_word' id='word_1_83' title='bbox 1679 1016 1821 1076; x_wconf 85' lang='grc' dir='ltr'>κατοὶ</span> <span class='ocrx_word' id='word_1_84' title='bbox 1858 1016 1944 1078; x_wconf 88' lang='grc' dir='ltr'>νό-</span> 
     </span>
     <span class='ocr_line' id='line_1_12' title="bbox 351 1101 1946 1184; baseline -0.001 -19"><span class='ocrx_word' id='word_1_85' title='bbox 351 1132 491 1183; x_wconf 86' lang='grc' dir='ltr'>μους</span> <span class='ocrx_word' id='word_1_86' title='bbox 526 1106 657 1168; x_wconf 76' lang='grc' dir='ltr'>τοῦς</span> <span class='ocrx_word' id='word_1_87' title='bbox 692 1103 1006 1182; x_wconf 78' lang='grc' dir='ltr'>ὖμετέρους.</span> <span class='ocrx_word' id='word_1_88' title='bbox 1078 1106 1125 1161; x_wconf 87' lang='grc' dir='ltr'>εἲ</span> <span class='ocrx_word' id='word_1_89' title='bbox 1163 1101 1272 1184; x_wconf 72' lang='grc' dir='ltr'>γσῖρ</span> <span class='ocrx_word' id='word_1_90' title='bbox 1315 1103 1503 1163; x_wconf 90' lang='grc' dir='ltr'>κείνων</span> <span class='ocrx_word' id='word_1_91' title='bbox 1539 1104 1774 1167; x_wconf 76' lang='grc' dir='ltr'>ἕκαστος</span> <span class='ocrx_word' id='word_1_92' title='bbox 1814 1104 1946 1163; x_wconf 87' lang='grc' dir='ltr'>δέκα</span> 
     </span>
     <span class='ocr_line' id='line_1_13' title="bbox 348 1189 1950 1271; baseline -0.001 -18"><span class='ocrx_word' id='word_1_93' title='bbox 348 1193 560 1271; x_wconf 80' lang='grc' dir='ltr'>α’νδρῶν</span> <span class='ocrx_word' id='word_1_94' title='bbox 584 1196 687 1268; x_wconf 84' lang='grc' dir='ltr'>τῆς</span> <span class='ocrx_word' id='word_1_95' title='bbox 720 1194 988 1269; x_wconf 84' lang='grc' dir='ltr'>στρατιῆς</span> <span class='ocrx_word' id='word_1_96' title='bbox 1010 1193 1114 1266; x_wconf 81' lang='grc' dir='ltr'>τῆς</span> <span class='ocrx_word' id='word_1_97' title='bbox 1150 1194 1288 1267; x_wconf 81' lang='grc' dir='ltr'>ἐμῆς</span> <span class='ocrx_word' id='word_1_98' title='bbox 1322 1189 1578 1261; x_wconf 79' lang='grc' dir='ltr'>α’ντάξιός</span> <span class='ocrx_word' id='word_1_99' title='bbox 1614 1196 1754 1262; x_wconf 86' lang='grc' dir='ltr'>ἐστι,</span> <span class='ocrx_word' id='word_1_100' title='bbox 1782 1194 1853 1251; x_wconf 75' lang='grc' dir='ltr'>σὲ</span> <span class='ocrx_word' id='word_1_101' title='bbox 1885 1193 1950 1252; x_wconf 90' lang='grc' dir='ltr'>δέ</span> 
     </span>
     <span class='ocr_line' id='line_1_14' title="bbox 348 1276 1945 1361; baseline -0.001 -21"><span class='ocrx_word' id='word_1_102' title='bbox 348 1306 417 1361; x_wconf 92' lang='grc' dir='ltr'>γε</span> <span class='ocrx_word' id='word_1_103' title='bbox 436 1281 658 1358; x_wconf 84' lang='grc' dir='ltr'>δίζημαι</span> <span class='ocrx_word' id='word_1_104' title='bbox 680 1281 857 1339; x_wconf 82' lang='grc' dir='ltr'>εἴκοσι</span> <span class='ocrx_word' id='word_1_105' title='bbox 877 1278 1015 1338; x_wconf 83' lang='grc' dir='ltr'>εἶναι</span> <span class='ocrx_word' id='word_1_106' title='bbox 1036 1276 1313 1347; x_wconf 74' lang='grc' dir='ltr'>ἀντάξιον·</span> <span class='ocrx_word' id='word_1_107' title='bbox 1343 1279 1436 1337; x_wconf 88' lang='grc' dir='ltr'>καὶ</span> <span class='ocrx_word' id='word_1_108' title='bbox 1457 1277 1598 1338; x_wconf 83' lang='grc' dir='ltr'>οὕτω</span> <span class='ocrx_word' id='word_1_109' title='bbox 1616 1281 1721 1356; x_wconf 79' lang='grc' dir='ltr'>μὲν</span> <span class='ocrx_word' id='word_1_110' title='bbox 1739 1278 1945 1357; x_wconf 78' lang='grc' dir='ltr'>ὀρθοῖτ’</span> 
     </span>
     <span class='ocr_line' id='line_1_15' title="bbox 349 1366 1952 1449; baseline -0.001 -20"><span class='ocrx_word' id='word_1_111' title='bbox 349 1366 419 1429; x_wconf 77' lang='grc' dir='ltr'>ἂν</span> <span class='ocrx_word' id='word_1_112' title='bbox 456 1368 489 1428; x_wconf 78' lang='grc' dir='ltr'>ὅ</span> <span class='ocrx_word' id='word_1_113' title='bbox 530 1368 703 1449; x_wconf 86' lang='grc' dir='ltr'>λόγος</span> <span class='ocrx_word' id='word_1_114' title='bbox 740 1367 773 1427; x_wconf 78' lang='grc' dir='ltr'>ὅ</span> <span class='ocrx_word' id='word_1_115' title='bbox 813 1366 967 1444; x_wconf 73' lang='grc' dir='ltr'>παρὰ</span> <span class='ocrx_word' id='word_1_116' title='bbox 1001 1370 1104 1426; x_wconf 76' lang='grc' dir='ltr'>σεῦ</span> <span class='ocrx_word' id='word_1_117' title='bbox 1143 1367 1443 1443; x_wconf 87' lang='grc' dir='ltr'>εἰρημένος.</span> <span class='ocrx_word' id='word_1_118' title='bbox 1529 1370 1576 1425; x_wconf 81' lang='grc' dir='ltr'>εἰ</span> <span class='ocrx_word' id='word_1_119' title='bbox 1601 1367 1676 1438; x_wconf 79' lang='grc' dir='ltr'>δὲ,</span> <span class='ocrx_word' id='word_1_120' title='bbox 1703 1370 1952 1428; x_wconf 83' lang='grc' dir='ltr'>τοιοῦτοί</span> 
     </span>
     <span class='ocr_line' id='line_1_16' title="bbox 347 1453 1946 1536; baseline -0.001 -21"><span class='ocrx_word' id='word_1_121' title='bbox 347 1481 411 1515; x_wconf 92' lang='grc' dir='ltr'>τε</span> <span class='ocrx_word' id='word_1_122' title='bbox 460 1455 638 1519; x_wconf 89' lang='grc' dir='ltr'>ἐόντες</span> <span class='ocrx_word' id='word_1_123' title='bbox 690 1455 781 1514; x_wconf 86' lang='grc' dir='ltr'>καὶ</span> <span class='ocrx_word' id='word_1_124' title='bbox 835 1454 1087 1536; x_wconf 75' lang='grc' dir='ltr'>μεγάθεα</span> <span class='ocrx_word' id='word_1_125' title='bbox 1139 1457 1405 1514; x_wconf 76' lang='grc' dir='ltr'>τοσοῦτοι</span> <span class='ocrx_word' id='word_1_126' title='bbox 1460 1453 1573 1516; x_wconf 76' lang='grc' dir='ltr'>οἶος</span> <span class='ocrx_word' id='word_1_127' title='bbox 1625 1454 1700 1514; x_wconf 81' lang='grc' dir='ltr'>σύ</span> <span class='ocrx_word' id='word_1_128' title='bbox 1744 1481 1808 1515; x_wconf 86' lang='grc' dir='ltr'>τε</span> <span class='ocrx_word' id='word_1_129' title='bbox 1853 1456 1946 1515; x_wconf 86' lang='grc' dir='ltr'>καὶ</span> 
     </span>
     <span class='ocr_line' id='line_1_17' title="bbox 350 1540 1947 1623; baseline 0 -20"><span class='ocrx_word' id='word_1_130' title='bbox 350 1543 405 1603; x_wconf 79' lang='grc' dir='ltr'>οἳ</span> <span class='ocrx_word' id='word_1_131' title='bbox 428 1544 558 1622; x_wconf 85' lang='grc' dir='ltr'>παρ’</span> <span class='ocrx_word' id='word_1_132' title='bbox 600 1546 697 1622; x_wconf 78' lang='grc' dir='ltr'>ἐμὲ</span> <span class='ocrx_word' id='word_1_133' title='bbox 732 1548 981 1621; x_wconf 77' lang='grc' dir='ltr'>’φοιτῶσι</span> <span class='ocrx_word' id='word_1_134' title='bbox 1026 1540 1320 1619; x_wconf 86' lang='grc' dir='ltr'>Ἑλλήνων</span> <span class='ocrx_word' id='word_1_135' title='bbox 1367 1547 1422 1605; x_wconf 88' lang='grc' dir='ltr'>ἐς</span> <span class='ocrx_word' id='word_1_136' title='bbox 1460 1541 1682 1623; x_wconf 85' lang='grc' dir='ltr'>λόγους,</span> <span class='ocrx_word' id='word_1_137' title='bbox 1724 1543 1947 1622; x_wconf 76' lang='grc' dir='ltr'>αὕχεῖτε</span> 
     </span>
     <span class='ocr_line' id='line_1_18' title="bbox 347 1629 1947 1711; baseline 0.001 -20"><span class='ocrx_word' id='word_1_138' title='bbox 347 1635 638 1703; x_wconf 80' lang='grc' dir='ltr'>τοσοῦτον,</span> <span class='ocrx_word' id='word_1_139' title='bbox 688 1632 793 1709; x_wconf 87' lang='grc' dir='ltr'>ὅρα</span> <span class='ocrx_word' id='word_1_140' title='bbox 838 1629 921 1709; x_wconf 78' lang='grc' dir='ltr'>μὴ</span> <span class='ocrx_word' id='word_1_141' title='bbox 972 1630 1158 1709; x_wconf 87' lang='grc' dir='ltr'>μάτην</span> <span class='ocrx_word' id='word_1_142' title='bbox 1212 1629 1426 1706; x_wconf 83' lang='grc' dir='ltr'>κόμπος</span> <span class='ocrx_word' id='word_1_143' title='bbox 1475 1629 1509 1689; x_wconf 79' lang='grc' dir='ltr'>ὁ</span> <span class='ocrx_word' id='word_1_144' title='bbox 1562 1630 1736 1711; x_wconf 86' lang='grc' dir='ltr'>λόγος</span> <span class='ocrx_word' id='word_1_145' title='bbox 1787 1630 1947 1695; x_wconf 78' lang='grc' dir='ltr'>οὗτος</span> 
     </span>
     <span class='ocr_line' id='line_1_19' title="bbox 351 1714 1947 1800; baseline -0.001 -20"><span class='ocrx_word' id='word_1_146' title='bbox 351 1714 631 1800; x_wconf 84' lang='grc' dir='ltr'>εἰρημένος</span> <span class='ocrx_word' id='word_1_147' title='bbox 668 1721 771 1798; x_wconf 80' lang='grc' dir='ltr'>εἴη.</span> <span class='ocrx_word' id='word_1_148' title='bbox 854 1718 974 1780; x_wconf 86' lang='grc' dir='ltr'>ἐπεὶ</span> <span class='ocrx_word' id='word_1_149' title='bbox 1011 1718 1152 1796; x_wconf 85' lang='grc' dir='ltr'>φέρε</span> <span class='ocrx_word' id='word_1_150' title='bbox 1186 1718 1282 1779; x_wconf 80' lang='grc' dir='ltr'>ἴδω</span> <span class='ocrx_word' id='word_1_151' title='bbox 1311 1717 1481 1779; x_wconf 84' lang='grc' dir='ltr'>παντὶ</span> <span class='ocrx_word' id='word_1_152' title='bbox 1505 1721 1583 1798; x_wconf 74' lang='grc' dir='ltr'>τῷ</span> <span class='ocrx_word' id='word_1_153' title='bbox 1608 1718 1799 1780; x_wconf 85' lang='grc' dir='ltr'>οἰκότι·</span> <span class='ocrx_word' id='word_1_154' title='bbox 1842 1723 1947 1784; x_wconf 80' lang='grc' dir='ltr'>κῶς</span> 
     </span>
     <span class='ocr_line' id='line_1_20' title="bbox 346 1804 1944 1887; baseline -0.001 -18"><span class='ocrx_word' id='word_1_155' title='bbox 346 1807 707 1884; x_wconf 47' lang='grc' dir='ltr'>ἂν,δυναίατο</span> <span class='ocrx_word' id='word_1_156' title='bbox 751 1809 945 1887; x_wconf 51' lang='grc' dir='ltr'>χῦιιοι,</span> <span class='ocrx_word' id='word_1_157' title='bbox 988 1805 1025 1884; x_wconf 87' lang='grc' dir='ltr'>ἢ</span> <span class='ocrx_word' id='word_1_158' title='bbox 1068 1806 1161 1866; x_wconf 85' lang='grc' dir='ltr'>καὶ</span> <span class='ocrx_word' id='word_1_159' title='bbox 1201 1805 1406 1883; x_wconf 86' lang='grc' dir='ltr'>μύριοι,</span> <span class='ocrx_word' id='word_1_160' title='bbox 1441 1804 1480 1882; x_wconf 82' lang='grc' dir='ltr'>ἢ</span> <span class='ocrx_word' id='word_1_161' title='bbox 1520 1808 1612 1865; x_wconf 83' lang='grc' dir='ltr'>καὶ</span> <span class='ocrx_word' id='word_1_162' title='bbox 1652 1833 1944 1868; x_wconf 84' lang='grc' dir='ltr'>πεντακισ-</span> 
     </span>
     <span class='ocr_line' id='line_1_21' title="bbox 345 1893 1946 1978; baseline 0 -22"><span class='ocrx_word' id='word_1_163' title='bbox 345 1897 551 1976; x_wconf 75' lang='grc' dir='ltr'>μύριοι,</span> <span class='ocrx_word' id='word_1_164' title='bbox 574 1898 752 1960; x_wconf 86' lang='grc' dir='ltr'>ἐόντες</span> <span class='ocrx_word' id='word_1_165' title='bbox 775 1922 844 1978; x_wconf 88' lang='grc' dir='ltr'>γε</span> <span class='ocrx_word' id='word_1_166' title='bbox 872 1895 1151 1972; x_wconf 82' lang='grc' dir='ltr'>ἐλεύθεροι</span> <span class='ocrx_word' id='word_1_167' title='bbox 1175 1893 1377 1958; x_wconf 85' lang='grc' dir='ltr'>πάντες</span> <span class='ocrx_word' id='word_1_168' title='bbox 1403 1893 1604 1971; x_wconf 76' lang='grc' dir='ltr'>ὁμοίως</span> <span class='ocrx_word' id='word_1_169' title='bbox 1631 1896 1724 1955; x_wconf 87' lang='grc' dir='ltr'>καὶ</span> <span class='ocrx_word' id='word_1_170' title='bbox 1747 1895 1829 1973; x_wconf 75' lang='grc' dir='ltr'>μή</span> <span class='ocrx_word' id='word_1_171' title='bbox 1854 1893 1946 1956; x_wconf 75' lang='grc' dir='ltr'>ὕπ’</span> 
     </span>
     <span class='ocr_line' id='line_1_22' title="bbox 350 1975 1952 2063; baseline -0.001 -17"><span class='ocrx_word' id='word_1_172' title='bbox 350 1975 469 2049; x_wconf 69' lang='grc' dir='ltr'>ἕνός</span> <span class='ocrx_word' id='word_1_173' title='bbox 509 1985 825 2063; x_wconf 75' lang='grc' dir='ltr'>ἀρχόμενοι,</span> <span class='ocrx_word' id='word_1_174' title='bbox 885 1986 1108 2060; x_wconf 77' lang='grc' dir='ltr'>στρατῷ</span> <span class='ocrx_word' id='word_1_175' title='bbox 1160 1983 1373 2062; x_wconf 74' lang='grc' dir='ltr'>τοσῷδε</span> <span class='ocrx_word' id='word_1_176' title='bbox 1415 1982 1741 2059; x_wconf 76' lang='grc' dir='ltr'>ἀντιστῆναι</span> <span class='ocrx_word' id='word_1_177' title='bbox 1753 2011 1769 2054; x_wconf 89' lang='grc'><strong>;</strong></span> <span class='ocrx_word' id='word_1_178' title='bbox 1828 1987 1952 2045; x_wconf 87' lang='grc' dir='ltr'>ἐπεί</span> 
     </span>
     <span class='ocr_line' id='line_1_23' title="bbox 346 2070 1945 2152; baseline 0.001 -20"><span class='ocrx_word' id='word_1_179' title='bbox 346 2097 436 2132; x_wconf 82' lang='grc' dir='ltr'>τοι</span> <span class='ocrx_word' id='word_1_180' title='bbox 486 2076 719 2134; x_wconf 84' lang='grc' dir='ltr'>πλεῦνες</span> <span class='ocrx_word' id='word_1_181' title='bbox 758 2070 886 2147; x_wconf 85' lang='grc' dir='ltr'>περὶ</span> <span class='ocrx_word' id='word_1_182' title='bbox 934 2071 1029 2130; x_wconf 76' lang='grc' dir='ltr'>ἕνα</span> <span class='ocrx_word' id='word_1_183' title='bbox 1071 2071 1310 2130; x_wconf 75' lang='grc' dir='ltr'>ἕκαστον</span> <span class='ocrx_word' id='word_1_184' title='bbox 1354 2071 1624 2151; x_wconf 88' lang='grc' dir='ltr'>γινόμεθα</span> <span class='ocrx_word' id='word_1_185' title='bbox 1667 2071 1704 2147; x_wconf 85' lang='grc' dir='ltr'>ἦ</span> <span class='ocrx_word' id='word_1_186' title='bbox 1749 2074 1945 2152; x_wconf 70' lang='grc' dir='ltr'>χίλιοι,</span> 
     </span>
     <span class='ocr_line' id='line_1_24' title="bbox 347 2152 1948 2242; baseline 0.003 -25"><span class='ocrx_word' id='word_1_187' title='bbox 347 2152 547 2232; x_wconf 78' lang='grc' dir='ltr'>ἐόντων</span> <span class='ocrx_word' id='word_1_188' title='bbox 580 2159 798 2218; x_wconf 85' lang='grc' dir='ltr'>ἐκείνων</span> <span class='ocrx_word' id='word_1_189' title='bbox 827 2159 993 2218; x_wconf 87' lang='grc' dir='ltr'>πέντε</span> <span class='ocrx_word' id='word_1_190' title='bbox 1022 2157 1340 2236; x_wconf 89' lang='grc' dir='ltr'>χιλιαδέων.</span> <span class='ocrx_word' id='word_1_191' title='bbox 1423 2157 1533 2218; x_wconf 78' lang='grc' dir='ltr'>ὖπό</span> <span class='ocrx_word' id='word_1_192' title='bbox 1564 2162 1668 2236; x_wconf 81' lang='grc' dir='ltr'>μὲν</span> <span class='ocrx_word' id='word_1_193' title='bbox 1690 2161 1802 2242; x_wconf 77' lang='grc' dir='ltr'>γὰρ</span> <span class='ocrx_word' id='word_1_194' title='bbox 1830 2161 1948 2224; x_wconf 80' lang='grc' dir='ltr'>ἐνός</span> 
     </span>
     <span class='ocr_line' id='line_1_25' title="bbox 350 2244 1949 2328; baseline 0.003 -23"><span class='ocrx_word' id='word_1_195' title='bbox 350 2244 649 2325; x_wconf 86' lang='grc' dir='ltr'>α’ρχόμενοι</span> <span class='ocrx_word' id='word_1_196' title='bbox 692 2247 834 2307; x_wconf 79' lang='grc' dir='ltr'>κατὰ</span> <span class='ocrx_word' id='word_1_197' title='bbox 873 2245 1083 2323; x_wconf 86' lang='grc' dir='ltr'>τρόπον</span> <span class='ocrx_word' id='word_1_198' title='bbox 1121 2245 1224 2307; x_wconf 76' lang='grc' dir='ltr'>τᾶν</span> <span class='ocrx_word' id='word_1_199' title='bbox 1263 2245 1551 2323; x_wconf 78' lang='grc' dir='ltr'>ἡμέτερον,</span> <span class='ocrx_word' id='word_1_200' title='bbox 1600 2248 1838 2328; x_wconf 83' lang='grc' dir='ltr'>γενοίατ’</span> <span class='ocrx_word' id='word_1_201' title='bbox 1879 2247 1949 2310; x_wconf 77' lang='grc' dir='ltr'>ἂν</span> 
     </span>
     <span class='ocr_line' id='line_1_26' title="bbox 350 2332 1949 2412; baseline 0.004 -21"><span class='ocrx_word' id='word_1_202' title='bbox 350 2333 719 2410; x_wconf 85' lang='grc' dir='ltr'>δειμαίνοντες</span> <span class='ocrx_word' id='word_1_203' title='bbox 759 2338 958 2394; x_wconf 84' lang='grc' dir='ltr'>τοῦτον</span> <span class='ocrx_word' id='word_1_204' title='bbox 1004 2333 1095 2393; x_wconf 86' lang='grc' dir='ltr'>καὶ</span> <span class='ocrx_word' id='word_1_205' title='bbox 1141 2332 1295 2410; x_wconf 86' lang='grc' dir='ltr'>παροὶ</span> <span class='ocrx_word' id='word_1_206' title='bbox 1347 2332 1452 2409; x_wconf 77' lang='grc' dir='ltr'>τήν</span> <span class='ocrx_word' id='word_1_207' title='bbox 1507 2337 1718 2396; x_wconf 76' lang='grc' dir='ltr'>ἑωυτῶν</span> <span class='ocrx_word' id='word_1_208' title='bbox 1771 2336 1949 2412; x_wconf 77' lang='grc' dir='ltr'>φύσιν</span> 
     </span>
     <span class='ocr_line' id='line_1_27' title="bbox 349 2419 1948 2504; baseline 0.003 -24"><span class='ocrx_word' id='word_1_209' title='bbox 349 2419 645 2497; x_wconf 74' lang='grc' dir='ltr'>ἀμείνονες,</span> <span class='ocrx_word' id='word_1_210' title='bbox 674 2422 765 2480; x_wconf 83' lang='grc' dir='ltr'>καὶ</span> <span class='ocrx_word' id='word_1_211' title='bbox 799 2423 935 2481; x_wconf 82' lang='grc' dir='ltr'>ἴοιεν</span> <span class='ocrx_word' id='word_1_212' title='bbox 966 2419 1400 2501; x_wconf 73' lang='grc' dir='ltr'>ἀναγκαζόμενοι</span> <span class='ocrx_word' id='word_1_213' title='bbox 1433 2420 1673 2504; x_wconf 79' lang='grc' dir='ltr'>μάστιγι</span> <span class='ocrx_word' id='word_1_214' title='bbox 1701 2428 1756 2487; x_wconf 88' lang='grc' dir='ltr'>ἐς</span> <span class='ocrx_word' id='word_1_215' title='bbox 1780 2428 1948 2484; x_wconf 78' lang='grc' dir='ltr'>πλεῦ-</span> 
     </span>
     <span class='ocr_line' id='line_1_28' title="bbox 350 2508 1947 2589; baseline 0.003 -21"><span class='ocrx_word' id='word_1_216' title='bbox 350 2533 448 2572; x_wconf 88' lang='grc' dir='ltr'>νας</span> <span class='ocrx_word' id='word_1_217' title='bbox 483 2508 793 2582; x_wconf 84' lang='grc' dir='ltr'>ἐλάσσονες</span> <span class='ocrx_word' id='word_1_218' title='bbox 828 2510 1024 2571; x_wconf 85' lang='grc' dir='ltr'>ἐόντες·</span> <span class='ocrx_word' id='word_1_219' title='bbox 1066 2508 1344 2584; x_wconf 69' lang='grc' dir='ltr'>ἀνειμένοι</span> <span class='ocrx_word' id='word_1_220' title='bbox 1375 2509 1436 2567; x_wconf 78' lang='grc' dir='ltr'>δὲ</span> <span class='ocrx_word' id='word_1_221' title='bbox 1463 2513 1518 2572; x_wconf 86' lang='grc' dir='ltr'>ἐς</span> <span class='ocrx_word' id='word_1_222' title='bbox 1541 2509 1608 2569; x_wconf 83' lang='grc' dir='ltr'><em>τό</em></span> <span class='ocrx_word' id='word_1_223' title='bbox 1639 2511 1947 2589; x_wconf 82' lang='grc' dir='ltr'>ἐλεύθερον,</span> 
     </span>
     <span class='ocr_line' id='line_1_29' title="bbox 353 2593 1950 2681; baseline 0.003 -27"><span class='ocrx_word' id='word_1_224' title='bbox 353 2594 453 2654; x_wconf 74' lang='grc' dir='ltr'>οὐκ</span> <span class='ocrx_word' id='word_1_225' title='bbox 492 2593 562 2656; x_wconf 79' lang='grc' dir='ltr'>ἂν</span> <span class='ocrx_word' id='word_1_226' title='bbox 595 2597 835 2656; x_wconf 87' lang='grc' dir='ltr'>ποιέοιεν</span> <span class='ocrx_word' id='word_1_227' title='bbox 867 2595 1079 2656; x_wconf 83' lang='grc' dir='ltr'>τούτων</span> <span class='ocrx_word' id='word_1_228' title='bbox 1116 2595 1393 2672; x_wconf 79' lang='grc' dir='ltr'>οὐδέτερα·</span> <span class='ocrx_word' id='word_1_229' title='bbox 1475 2595 1646 2657; x_wconf 87' lang='grc' dir='ltr'>δοκέω</span> <span class='ocrx_word' id='word_1_230' title='bbox 1680 2598 1740 2657; x_wconf 83' lang='grc' dir='ltr'>δὲ</span> <span class='ocrx_word' id='word_1_231' title='bbox 1778 2601 1950 2681; x_wconf 81' lang='grc' dir='ltr'>ἔγωγε</span> 
     </span>
     <span class='ocr_line' id='line_1_30' title="bbox 354 2682 1950 2763; baseline 0.001 -21"><span class='ocrx_word' id='word_1_232' title='bbox 354 2683 445 2742; x_wconf 84' lang='grc' dir='ltr'>καὶ</span> <span class='ocrx_word' id='word_1_233' title='bbox 512 2683 882 2747; x_wconf 74' lang='grc' dir='ltr'>ἀνισωθέντας</span> <span class='ocrx_word' id='word_1_234' title='bbox 946 2682 1156 2759; x_wconf 82' lang='grc' dir='ltr'>πλήθεΐ</span> <span class='ocrx_word' id='word_1_235' title='bbox 1219 2686 1481 2762; x_wconf 78' lang='grc' dir='ltr'>χαλεπῶς</span> <span class='ocrx_word' id='word_1_236' title='bbox 1539 2682 1608 2744; x_wconf 76' lang='grc' dir='ltr'>ἂν</span> <span class='ocrx_word' id='word_1_237' title='bbox 1659 2684 1950 2763; x_wconf 86' lang='grc' dir='ltr'>Ἕλληνας</span> 
     </span>
     <span class='ocr_line' id='line_1_31' title="bbox 349 2769 1951 2850; baseline 0.003 -20"><span class='ocrx_word' id='word_1_238' title='bbox 349 2773 615 2850; x_wconf 89' lang='grc' dir='ltr'>Πέρσῃσι</span> <span class='ocrx_word' id='word_1_239' title='bbox 636 2771 899 2848; x_wconf 78' lang='grc' dir='ltr'>μούνοισι</span> <span class='ocrx_word' id='word_1_240' title='bbox 922 2770 1229 2850; x_wconf 86' lang='grc' dir='ltr'>μάχεσθαι·</span> <span class='ocrx_word' id='word_1_241' title='bbox 1277 2769 1433 2830; x_wconf 77' lang='grc' dir='ltr'>ἅλλοὶ</span> <span class='ocrx_word' id='word_1_242' title='bbox 1457 2770 1591 2848; x_wconf 85' lang='grc' dir='ltr'>παρ’</span> <span class='ocrx_word' id='word_1_243' title='bbox 1616 2772 1753 2849; x_wconf 77' lang='grc' dir='ltr'>ἡμῖν</span> <span class='ocrx_word' id='word_1_244' title='bbox 1781 2775 1951 2835; x_wconf 83' lang='grc' dir='ltr'>τοῦτό</span> 
     </span>
     <span class='ocr_line' id='line_1_32' title="bbox 351 2859 1950 2940; baseline 0.002 -22"><span class='ocrx_word' id='word_1_245' title='bbox 351 2865 473 2918; x_wconf 85' lang='grc' dir='ltr'>ἐστι</span> <span class='ocrx_word' id='word_1_246' title='bbox 507 2859 575 2920; x_wconf 63' lang='lat' dir='ltr'>v&amp;</span> <span class='ocrx_word' id='word_1_247' title='bbox 603 2860 678 2919; x_wconf 75' lang='grc' dir='ltr'><strong><em>σύ</em></strong></span> <span class='ocrx_word' id='word_1_248' title='bbox 713 2859 913 2940; x_wconf 84' lang='grc' dir='ltr'>λέγεις·</span> <span class='ocrx_word' id='word_1_249' title='bbox 956 2860 1079 2918; x_wconf 80' lang='grc' dir='ltr'>ἔστι</span> <span class='ocrx_word' id='word_1_250' title='bbox 1100 2884 1171 2940; x_wconf 89' lang='grc' dir='ltr'>γε</span> <span class='ocrx_word' id='word_1_251' title='bbox 1194 2859 1386 2935; x_wconf 87' lang='grc' dir='ltr'>μέντοι</span> <span class='ocrx_word' id='word_1_252' title='bbox 1424 2860 1490 2922; x_wconf 69' lang='grc' dir='ltr'>οἰ</span> <span class='ocrx_word' id='word_1_253' title='bbox 1523 2861 1765 2932; x_wconf 84' lang='grc' dir='ltr'>πολλόν,</span> <span class='ocrx_word' id='word_1_254' title='bbox 1796 2861 1950 2921; x_wconf 71' lang='grc' dir='ltr'>ἀλλὰ</span> 
     </span>
     <span class='ocr_line' id='line_1_33' title="bbox 348 2946 1952 3030; baseline 0.002 -25"><span class='ocrx_word' id='word_1_255' title='bbox 348 2947 607 3008; x_wconf 88' lang='grc' dir='ltr'>σπάνιον·</span> <span class='ocrx_word' id='word_1_256' title='bbox 650 2949 763 3008; x_wconf 80' lang='grc' dir='ltr'>εἶσὶ</span> <span class='ocrx_word' id='word_1_257' title='bbox 786 2947 897 3030; x_wconf 70' lang='grc' dir='ltr'>γὰρ</span> <span class='ocrx_word' id='word_1_258' title='bbox 926 2946 1195 3023; x_wconf 89' lang='grc' dir='ltr'>Περσέων</span> <span class='ocrx_word' id='word_1_259' title='bbox 1213 2949 1323 3006; x_wconf 80' lang='grc' dir='ltr'>τῶν</span> <span class='ocrx_word' id='word_1_260' title='bbox 1343 2951 1487 3022; x_wconf 77' lang='grc' dir='ltr'>ἐμῶν</span> <span class='ocrx_word' id='word_1_261' title='bbox 1509 2949 1877 3027; x_wconf 80' lang='grc' dir='ltr'>αἰχμοφόρων</span> <span class='ocrx_word' id='word_1_262' title='bbox 1898 2949 1952 3009; x_wconf 75' lang='grc' dir='ltr'>οἳ</span> 
     </span>
     <span class='ocr_line' id='line_1_34' title="bbox 348 3031 1949 3115; baseline 0.002 -21"><span class='ocrx_word' id='word_1_263' title='bbox 348 3033 693 3112; x_wconf 81' lang='grc' dir='ltr'>ἐθελήσουσι</span> <span class='ocrx_word' id='word_1_264' title='bbox 716 3034 1005 3111; x_wconf 83' lang='grc' dir='ltr'>Ἑλλήνων</span> <span class='ocrx_word' id='word_1_265' title='bbox 1031 3031 1268 3110; x_wconf 75' lang='grc' dir='ltr'>ἀνδράσι</span> <span class='ocrx_word' id='word_1_266' title='bbox 1293 3033 1448 3108; x_wconf 78' lang='grc' dir='ltr'>τρισὶ</span> <span class='ocrx_word' id='word_1_267' title='bbox 1475 3032 1619 3111; x_wconf 80' lang='grc' dir='ltr'>ὁμοῦ</span> <span class='ocrx_word' id='word_1_268' title='bbox 1639 3037 1949 3115; x_wconf 87' lang='grc' dir='ltr'>μάχεσθαι·</span> 
     </span>
     <span class='ocr_line' id='line_1_35' title="bbox 256 3119 1951 3201; baseline 0.002 -21"><span class='ocrx_word' id='word_1_269' title='bbox 256 3123 370 3181; x_wconf 81' lang='grc'>104</span> <span class='ocrx_word' id='word_1_270' title='bbox 386 3127 498 3183; x_wconf 78' lang='grc' dir='ltr'>τῶν</span> <span class='ocrx_word' id='word_1_271' title='bbox 514 3123 589 3184; x_wconf 72' lang='grc' dir='ltr'>σύ</span> <span class='ocrx_word' id='word_1_272' title='bbox 612 3125 713 3184; x_wconf 80' lang='grc' dir='ltr'>ἐων</span> <span class='ocrx_word' id='word_1_273' title='bbox 731 3123 972 3201; x_wconf 75' lang='grc' dir='ltr'>ἄπειρος,</span> <span class='ocrx_word' id='word_1_274' title='bbox 986 3119 1180 3180; x_wconf 71' lang='grc' dir='ltr'>πολλὰ</span> <span class='ocrx_word' id='word_1_275' title='bbox 1201 3121 1551 3196; x_wconf 85' lang='grc' dir='ltr'>φλυηρέεις.”</span> <span class='ocrx_word' id='word_1_276' title='bbox 1595 3123 1756 3200; x_wconf 77' lang='grc' dir='ltr'>Πρός</span> <span class='ocrx_word' id='word_1_277' title='bbox 1774 3128 1951 3184; x_wconf 81' lang='grc' dir='ltr'>ταῦτα</span> 
     </span>
     <span class='ocr_line' id='line_1_36' title="bbox 348 3206 1950 3292; baseline 0.002 -24"><span class='ocrx_word' id='word_1_278' title='bbox 348 3210 683 3287; x_wconf 83' lang='grc' dir='ltr'>Δημάρητος</span> <span class='ocrx_word' id='word_1_279' title='bbox 719 3211 891 3292; x_wconf 87' lang='grc' dir='ltr'>λέγει·</span> <span class='ocrx_word' id='word_1_280' title='bbox 930 3207 1018 3267; x_wconf 67' lang='lat'>“⁰⁹³</span> <span class='ocrx_word' id='word_1_281' title='bbox 1051 3210 1318 3283; x_wconf 69' lang='grc' dir='ltr'>βασιλεῦ’,</span> <span class='ocrx_word' id='word_1_282' title='bbox 1347 3206 1594 3287; x_wconf 78' lang='grc' dir='ltr'>ἀρχῆθεν</span> <span class='ocrx_word' id='word_1_283' title='bbox 1617 3208 1950 3288; x_wconf 76' lang='grc' dir='ltr'>ἠπιστάμην</span> 
     </span>
     <span class='ocr_line' id='line_1_37' title="bbox 346 3294 1934 3378; baseline 0.003 -24"><span class='ocrx_word' id='word_1_284' title='bbox 346 3294 435 3354; x_wconf 85' lang='grc' dir='ltr'>ὅτι</span> <span class='ocrx_word' id='word_1_285' title='bbox 460 3297 703 3377; x_wconf 76' lang='grc' dir='ltr'>ἅληθηΐῃ</span> <span class='ocrx_word' id='word_1_286' title='bbox 726 3298 1035 3378; x_wconf 79' lang='grc' dir='ltr'>χρεώμενος</span> <span class='ocrx_word' id='word_1_287' title='bbox 1062 3294 1126 3356; x_wconf 77' lang='grc' dir='ltr'>οὗ</span> <span class='ocrx_word' id='word_1_288' title='bbox 1157 3297 1306 3371; x_wconf 84' lang='grc' dir='ltr'>φίλα</span> <span class='ocrx_word' id='word_1_289' title='bbox 1329 3320 1417 3354; x_wconf 90' lang='grc' dir='ltr'>τοι</span> <span class='ocrx_word' id='word_1_290' title='bbox 1446 3297 1701 3372; x_wconf 72' lang='grc' dir='ltr'>ἐρέω·.σῦ</span> <span class='ocrx_word' id='word_1_291' title='bbox 1726 3299 1787 3359; x_wconf 75' lang='grc' dir='ltr'>δὲ</span> <span class='ocrx_word' id='word_1_292' title='bbox 1815 3299 1934 3360; x_wconf 84' lang='grc' dir='ltr'>ἐπεὶ</span> 
     </span>
    </p>
   </div>
  </div>
 </body>
</html>
