<?xml version="1.0" encoding="UTF-8"?>
<!DOCTYPE html PUBLIC "-//W3C//DTD XHTML 1.0 Transitional//EN"
    "http://www.w3.org/TR/xhtml1/DTD/xhtml1-transitional.dtd">
<html xmlns="http://www.w3.org/1999/xhtml" xml:lang="en" lang="en">
 <head>
  <title>
</title>
<meta http-equiv="Content-Type" content="text/html;charset=utf-8" />
  <meta name='ocr-system' content='tesseract 3.04.00' />
  <meta name='ocr-capabilities' content='ocr_page ocr_carea ocr_par ocr_line ocrx_word'/>
</head>
<body>
  <div class='ocr_page' id='page_1' title='image "./herodotus18herogoog/herodotus18herogoog_0126.png"; bbox 0 0 2259 3500; ppageno 0'>
   <div class='ocr_carea' id='block_1_1' title="bbox 559 461 1648 722">
    <p class='ocr_par' dir='ltr' id='par_1_1' title="bbox 559 461 1648 722">
     <span class='ocr_line' id='line_1_1' title="bbox 762 461 1464 571; baseline 0 -38"><span class='ocrx_word' id='word_1_1' title='bbox 762 461 1464 571; x_wconf 69' lang='grc' dir='ltr'>ἨΡΟΔΟΤΟΥ</span> 
     </span>
     <span class='ocr_line' id='line_1_2' title="bbox 559 616 1648 722; baseline -0.002 -11"><span class='ocrx_word' id='word_1_2' title='bbox 559 616 1075 713; x_wconf 67' lang='grc' dir='ltr'>ἸΣΤΟΡΙΩΝ</span> <span class='ocrx_word' id='word_1_3' title='bbox 1143 642 1221 711; x_wconf 82' lang='lat' dir='ltr'>‘E</span> <span class='ocrx_word' id='word_1_4' title='bbox 1243 646 1648 722; x_wconf 78' lang='grc' dir='ltr'><strong>ΒΔΟΜΗ.</strong></span> 
     </span>
    </p>
   </div>
   <div class='ocr_carea' id='block_1_2' title="bbox 1008 813 1211 842">
    <p class='ocr_par' dir='ltr' id='par_1_2' title="bbox 1008 813 1211 842">
     <span class='ocr_line' id='line_1_3' title="bbox 1008 813 1211 842; baseline -0.01 -7"><span class='ocrx_word' id='word_1_5' title='bbox 1008 813 1211 842; x_wconf 63' lang='grc'>...-.4--.</span> 
     </span>
    </p>
   </div>
   <div class='ocr_carea' id='block_1_3' title="bbox 240 934 1955 2526">
    <p class='ocr_par' dir='ltr' id='par_1_3' title="bbox 882 934 1328 989">
     <span class='ocr_line' id='line_1_4' title="bbox 882 934 1328 989; baseline 0 0"><span class='ocrx_word' id='word_1_6' title='bbox 882 934 1328 989; x_wconf 85' lang='grc' dir='ltr'><strong>ΠΟΛΥΜΝῙΑ.</strong></span> 
     </span>
    </p>

    <p class='ocr_par' dir='ltr' id='par_1_4' title="bbox 293 1048 1952 2260">
     <span class='ocr_line' id='line_1_5' title="bbox 293 1048 1952 1131; baseline 0.001 -22"><span class='ocrx_word' id='word_1_7' title='bbox 293 1052 320 1108; x_wconf 96' lang='grc'>1</span> <span class='ocrx_word' id='word_1_8' title='bbox 433 1050 641 1109; x_wconf 83' lang='grc' dir='ltr'>ἘΠΕΙ</span> <span class='ocrx_word' id='word_1_9' title='bbox 683 1051 742 1109; x_wconf 86' lang='grc' dir='ltr'>δὲ</span> <span class='ocrx_word' id='word_1_10' title='bbox 782 1048 1021 1131; x_wconf 74' lang='grc' dir='ltr'>ἀγγελίη</span> <span class='ocrx_word' id='word_1_11' title='bbox 1059 1048 1290 1111; x_wconf 75' lang='grc' dir='ltr'>ἀπίκετο</span> <span class='ocrx_word' id='word_1_12' title='bbox 1329 1050 1458 1126; x_wconf 86' lang='grc' dir='ltr'>περὶ</span> <span class='ocrx_word' id='word_1_13' title='bbox 1491 1053 1592 1125; x_wconf 84' lang='grc' dir='ltr'>τῆς</span> <span class='ocrx_word' id='word_1_14' title='bbox 1629 1048 1817 1127; x_wconf 79' lang='grc' dir='ltr'>μάχης</span> <span class='ocrx_word' id='word_1_15' title='bbox 1850 1051 1952 1123; x_wconf 79' lang='grc' dir='ltr'>τῆς</span> 
     </span>
     <span class='ocr_line' id='line_1_6' title="bbox 356 1134 1952 1217; baseline 0 -21"><span class='ocrx_word' id='word_1_16' title='bbox 356 1143 415 1196; x_wconf 93' lang='grc' dir='ltr'>ἐν</span> <span class='ocrx_word' id='word_1_17' title='bbox 446 1137 753 1215; x_wconf 80' lang='grc' dir='ltr'>Μαραθῶνι</span> <span class='ocrx_word' id='word_1_18' title='bbox 788 1138 1086 1217; x_wconf 81' lang='grc' dir='ltr'>γενομένης</span> <span class='ocrx_word' id='word_1_19' title='bbox 1116 1136 1271 1215; x_wconf 75' lang='grc' dir='ltr'>παραὶ</span> <span class='ocrx_word' id='word_1_20' title='bbox 1306 1138 1560 1214; x_wconf 82' lang='grc' dir='ltr'>βασιλέα</span> <span class='ocrx_word' id='word_1_21' title='bbox 1587 1139 1826 1213; x_wconf 82' lang='grc' dir='ltr'>Δαρεῖον</span> <span class='ocrx_word' id='word_1_22' title='bbox 1851 1134 1952 1196; x_wconf 82' lang='grc' dir='ltr'>τὸν</span> 
     </span>
     <span class='ocr_line' id='line_1_7' title="bbox 354 1224 1951 1306; baseline -0.001 -23"><span class='ocrx_word' id='word_1_23' title='bbox 354 1224 727 1296; x_wconf 62' lang='grc' dir='ltr'>Ὑστάσπεος,</span> <span class='ocrx_word' id='word_1_24' title='bbox 761 1226 854 1284; x_wconf 80' lang='grc' dir='ltr'>καὶ</span> <span class='ocrx_word' id='word_1_25' title='bbox 888 1226 1021 1302; x_wconf 78' lang='grc' dir='ltr'>πρὶν</span> <span class='ocrx_word' id='word_1_26' title='bbox 1056 1225 1317 1306; x_wconf 77' lang='grc' dir='ltr'>μεγάλως</span> <span class='ocrx_word' id='word_1_27' title='bbox 1353 1226 1764 1305; x_wconf 82' lang='grc' dir='ltr'>κεχαραγμένον</span> <span class='ocrx_word' id='word_1_28' title='bbox 1800 1227 1951 1282; x_wconf 83' lang='grc' dir='ltr'>τοῖσι</span> 
     </span>
     <span class='ocr_line' id='line_1_8' title="bbox 353 1310 1950 1389; baseline -0.003 -17"><span class='ocrx_word' id='word_1_29' title='bbox 353 1312 703 1389; x_wconf 79' lang='grc' dir='ltr'>Ἀθηναίοισι</span> <span class='ocrx_word' id='word_1_30' title='bbox 739 1312 829 1373; x_wconf 75' lang='grc' dir='ltr'>διὰ</span> <span class='ocrx_word' id='word_1_31' title='bbox 862 1313 969 1388; x_wconf 76' lang='grc' dir='ltr'>τήν</span> <span class='ocrx_word' id='word_1_32' title='bbox 1003 1316 1058 1377; x_wconf 88' lang='grc' dir='ltr'>ἐς</span> <span class='ocrx_word' id='word_1_33' title='bbox 1096 1312 1298 1388; x_wconf 80' lang='grc' dir='ltr'>Σάρδις</span> <span class='ocrx_word' id='word_1_34' title='bbox 1337 1312 1610 1388; x_wconf 84' lang='grc' dir='ltr'>ἐσβολὴν,</span> <span class='ocrx_word' id='word_1_35' title='bbox 1645 1312 1736 1371; x_wconf 84' lang='grc' dir='ltr'>καὶ</span> <span class='ocrx_word' id='word_1_36' title='bbox 1761 1310 1830 1385; x_wconf 79' lang='grc' dir='ltr'>δὴ</span> <span class='ocrx_word' id='word_1_37' title='bbox 1858 1310 1950 1369; x_wconf 88' lang='grc' dir='ltr'>καὶ</span> 
     </span>
     <span class='ocr_line' id='line_1_9' title="bbox 354 1391 1950 1472; baseline -0.001 -20"><span class='ocrx_word' id='word_1_38' title='bbox 354 1394 485 1454; x_wconf 86' lang='grc' dir='ltr'>τότε</span> <span class='ocrx_word' id='word_1_39' title='bbox 520 1397 720 1472; x_wconf 78' lang='grc' dir='ltr'>πολλῷ</span> <span class='ocrx_word' id='word_1_40' title='bbox 753 1419 816 1453; x_wconf 91' lang='grc' dir='ltr'>τε</span> <span class='ocrx_word' id='word_1_41' title='bbox 848 1392 1127 1471; x_wconf 83' lang='grc' dir='ltr'>δεινότερα</span> <span class='ocrx_word' id='word_1_42' title='bbox 1154 1395 1334 1453; x_wconf 85' lang='grc' dir='ltr'>ἐποίεε</span> <span class='ocrx_word' id='word_1_43' title='bbox 1359 1393 1452 1451; x_wconf 79' lang='grc' dir='ltr'>καὶ</span> <span class='ocrx_word' id='word_1_44' title='bbox 1475 1397 1703 1470; x_wconf 78' lang='grc' dir='ltr'>μᾶλλον</span> <span class='ocrx_word' id='word_1_45' title='bbox 1729 1391 1950 1469; x_wconf 79' lang='grc' dir='ltr'>ὥρμητο</span> 
     </span>
     <span class='ocr_line' id='line_1_10' title="bbox 354 1480 1948 1560; baseline -0.002 -19"><span class='ocrx_word' id='word_1_46' title='bbox 354 1480 759 1558; x_wconf 80' lang='grc' dir='ltr'>στρατεύεσθαι</span> <span class='ocrx_word' id='word_1_47' title='bbox 780 1482 869 1541; x_wconf 80' lang='grc' dir='ltr'>ἐπὶ</span> <span class='ocrx_word' id='word_1_48' title='bbox 894 1482 997 1557; x_wconf 80' lang='grc' dir='ltr'>τήν</span> <span class='ocrx_word' id='word_1_49' title='bbox 1014 1480 1288 1543; x_wconf 79' lang='grc' dir='ltr'>Ἐλλάδα.</span> <span class='ocrx_word' id='word_1_50' title='bbox 1331 1480 1423 1539; x_wconf 87' lang='grc' dir='ltr'>καὶ</span> <span class='ocrx_word' id='word_1_51' title='bbox 1448 1480 1643 1539; x_wconf 77' lang='grc' dir='ltr'>αὐτίκα</span> <span class='ocrx_word' id='word_1_52' title='bbox 1661 1482 1764 1556; x_wconf 81' lang='grc' dir='ltr'>μὲν</span> <span class='ocrx_word' id='word_1_53' title='bbox 1783 1484 1948 1560; x_wconf 88' lang='grc' dir='ltr'>ἐπηγ-</span> 
     </span>
     <span class='ocr_line' id='line_1_11' title="bbox 352 1567 1951 1651; baseline -0.001 -23"><span class='ocrx_word' id='word_1_54' title='bbox 352 1569 594 1649; x_wconf 87' lang='grc' dir='ltr'>γέλλετο</span> <span class='ocrx_word' id='word_1_55' title='bbox 640 1570 873 1647; x_wconf 83' lang='grc' dir='ltr'>πέμπων</span> <span class='ocrx_word' id='word_1_56' title='bbox 918 1569 1194 1651; x_wconf 73' lang='grc' dir='ltr'>ἀγγέλους</span> <span class='ocrx_word' id='word_1_57' title='bbox 1239 1568 1381 1628; x_wconf 74' lang='grc' dir='ltr'>κατὰ</span> <span class='ocrx_word' id='word_1_58' title='bbox 1418 1568 1601 1637; x_wconf 87' lang='grc' dir='ltr'>πόλις,</span> <span class='ocrx_word' id='word_1_59' title='bbox 1647 1567 1951 1644; x_wconf 79' lang='grc' dir='ltr'>ἑτοιμάζειν</span> 
     </span>
     <span class='ocr_line' id='line_1_12' title="bbox 356 1654 1946 1736; baseline -0.001 -21"><span class='ocrx_word' id='word_1_60' title='bbox 356 1656 641 1734; x_wconf 74' lang='grc' dir='ltr'>στρατιὴν,</span> <span class='ocrx_word' id='word_1_61' title='bbox 679 1661 881 1736; x_wconf 80' lang='grc' dir='ltr'>πολλῷ</span> <span class='ocrx_word' id='word_1_62' title='bbox 909 1658 1063 1717; x_wconf 88' lang='grc' dir='ltr'>πλέω</span> <span class='ocrx_word' id='word_1_63' title='bbox 1094 1656 1417 1718; x_wconf 75' lang='grc' dir='ltr'>ἐπιτάσσων</span> <span class='ocrx_word' id='word_1_64' title='bbox 1442 1654 1478 1732; x_wconf 80' lang='grc' dir='ltr'>ἦ</span> <span class='ocrx_word' id='word_1_65' title='bbox 1503 1654 1777 1732; x_wconf 88' lang='grc' dir='ltr'>πρότερον</span> <span class='ocrx_word' id='word_1_66' title='bbox 1808 1680 1946 1733; x_wconf 88' lang='grc' dir='ltr'>παρ-</span> 
     </span>
     <span class='ocr_line' id='line_1_13' title="bbox 354 1744 1947 1825; baseline 0 -21"><span class='ocrx_word' id='word_1_67' title='bbox 354 1751 522 1825; x_wconf 82' lang='grc' dir='ltr'>εῖχον,</span> <span class='ocrx_word' id='word_1_68' title='bbox 552 1747 645 1806; x_wconf 79' lang='grc' dir='ltr'>καὶ</span> <span class='ocrx_word' id='word_1_69' title='bbox 674 1746 800 1810; x_wconf 86' lang='grc' dir='ltr'>νέας</span> <span class='ocrx_word' id='word_1_70' title='bbox 835 1773 897 1806; x_wconf 92' lang='grc' dir='ltr'>τε</span> <span class='ocrx_word' id='word_1_71' title='bbox 939 1746 1033 1806; x_wconf 80' lang='grc' dir='ltr'>καὶ</span> <span class='ocrx_word' id='word_1_72' title='bbox 1064 1746 1266 1810; x_wconf 81' lang='grc' dir='ltr'>ἵππους</span> <span class='ocrx_word' id='word_1_73' title='bbox 1301 1744 1394 1805; x_wconf 78' lang='grc' dir='ltr'>καὶ</span> <span class='ocrx_word' id='word_1_74' title='bbox 1425 1748 1588 1805; x_wconf 78' lang='grc' dir='ltr'>σῖτον</span> <span class='ocrx_word' id='word_1_75' title='bbox 1628 1745 1718 1803; x_wconf 80' lang='grc' dir='ltr'>καὶ</span> <span class='ocrx_word' id='word_1_76' title='bbox 1754 1747 1947 1804; x_wconf 83' lang='grc' dir='ltr'>πλοῖα·</span> 
     </span>
     <span class='ocr_line' id='line_1_14' title="bbox 352 1832 1951 1915; baseline -0.003 -21"><span class='ocrx_word' id='word_1_77' title='bbox 352 1834 561 1900; x_wconf 80' lang='grc' dir='ltr'>τούτων</span> <span class='ocrx_word' id='word_1_78' title='bbox 600 1835 660 1893; x_wconf 83' lang='grc' dir='ltr'>δὲ</span> <span class='ocrx_word' id='word_1_79' title='bbox 699 1833 1272 1915; x_wconf 82' lang='grc' dir='ltr'>περιαγγελλομένων,</span> <span class='ocrx_word' id='word_1_80' title='bbox 1306 1833 1343 1908; x_wconf 85' lang='grc' dir='ltr'><em>ἦ</em></span> <span class='ocrx_word' id='word_1_81' title='bbox 1372 1832 1542 1908; x_wconf 83' lang='grc' dir='ltr'>Ἀσίη</span> <span class='ocrx_word' id='word_1_82' title='bbox 1575 1832 1818 1892; x_wconf 81' lang='grc' dir='ltr'>ἐδονέετο</span> <span class='ocrx_word' id='word_1_83' title='bbox 1859 1832 1951 1890; x_wconf 86' lang='grc' dir='ltr'>ἐπὶ</span> 
     </span>
     <span class='ocr_line' id='line_1_15' title="bbox 352 1918 1950 2000; baseline -0.001 -19"><span class='ocrx_word' id='word_1_84' title='bbox 352 1923 480 1997; x_wconf 81' lang='grc' dir='ltr'>τρία</span> <span class='ocrx_word' id='word_1_85' title='bbox 506 1923 645 1992; x_wconf 83' lang='grc' dir='ltr'>ἔτεα,</span> <span class='ocrx_word' id='word_1_86' title='bbox 674 1920 1132 2000; x_wconf 85' lang='grc' dir='ltr'>καταλεγομένων</span> <span class='ocrx_word' id='word_1_87' title='bbox 1155 1945 1217 1979; x_wconf 90' lang='grc' dir='ltr'>τε</span> <span class='ocrx_word' id='word_1_88' title='bbox 1242 1923 1352 1980; x_wconf 78' lang='grc' dir='ltr'>τῶν</span> <span class='ocrx_word' id='word_1_89' title='bbox 1378 1920 1621 1996; x_wconf 77' lang='grc' dir='ltr'>ἀρίστων</span> <span class='ocrx_word' id='word_1_90' title='bbox 1640 1919 1712 1982; x_wconf 75' lang='grc' dir='ltr'>ὥς</span> <span class='ocrx_word' id='word_1_91' title='bbox 1737 1919 1830 1978; x_wconf 85' lang='grc' dir='ltr'>ἐπὶ</span> <span class='ocrx_word' id='word_1_92' title='bbox 1847 1918 1950 1996; x_wconf 80' lang='grc' dir='ltr'>τήν</span> 
     </span>
     <span class='ocr_line' id='line_1_16' title="bbox 350 2005 1948 2084; baseline 0 -18"><span class='ocrx_word' id='word_1_93' title='bbox 350 2007 605 2066; x_wconf 79' lang='grc' dir='ltr'>Ἑλλάδα</span> <span class='ocrx_word' id='word_1_94' title='bbox 656 2006 1168 2084; x_wconf 87' lang='grc' dir='ltr'>στρατευσομένων,</span> <span class='ocrx_word' id='word_1_95' title='bbox 1217 2007 1311 2066; x_wconf 85' lang='grc' dir='ltr'>καὶ</span> <span class='ocrx_word' id='word_1_96' title='bbox 1364 2005 1948 2084; x_wconf 84' lang='grc' dir='ltr'>παρασκευαζομένων.</span> 
     </span>
     <span class='ocr_line' id='line_1_17' title="bbox 353 2093 1951 2175; baseline 0 -21"><span class='ocrx_word' id='word_1_97' title='bbox 353 2093 596 2174; x_wconf 78' lang='grc' dir='ltr'>τετάρτῳ</span> <span class='ocrx_word' id='word_1_98' title='bbox 636 2095 697 2154; x_wconf 77' lang='grc' dir='ltr'>δὲ</span> <span class='ocrx_word' id='word_1_99' title='bbox 737 2095 845 2154; x_wconf 77' lang='grc' dir='ltr'>ἔτεϊ</span> <span class='ocrx_word' id='word_1_100' title='bbox 885 2094 1200 2175; x_wconf 74' lang='grc' dir='ltr'>Αἰγύπτιοι,</span> <span class='ocrx_word' id='word_1_101' title='bbox 1233 2094 1342 2154; x_wconf 77' lang='grc' dir='ltr'>ὖπό</span> <span class='ocrx_word' id='word_1_102' title='bbox 1379 2095 1708 2172; x_wconf 78' lang='grc' dir='ltr'>Καμβύσεω</span> <span class='ocrx_word' id='word_1_103' title='bbox 1748 2094 1951 2154; x_wconf 83' lang='grc' dir='ltr'>δουλω-</span> 
     </span>
     <span class='ocr_line' id='line_1_18' title="bbox 358 2181 1952 2260; baseline -0.001 -18"><span class='ocrx_word' id='word_1_104' title='bbox 358 2182 557 2251; x_wconf 78' lang='grc' dir='ltr'>θέντες,</span> <span class='ocrx_word' id='word_1_105' title='bbox 607 2181 940 2258; x_wconf 75' lang='grc' dir='ltr'>ἀπέστησαν</span> <span class='ocrx_word' id='word_1_106' title='bbox 978 2181 1091 2242; x_wconf 74' lang='grc' dir='ltr'>ἀπὸ</span> <span class='ocrx_word' id='word_1_107' title='bbox 1134 2183 1421 2260; x_wconf 88' lang='grc' dir='ltr'>Περσέων·</span> <span class='ocrx_word' id='word_1_108' title='bbox 1478 2183 1712 2244; x_wconf 84' lang='grc' dir='ltr'>ἐνθαῦτα</span> <span class='ocrx_word' id='word_1_109' title='bbox 1753 2182 1820 2257; x_wconf 77' lang='grc' dir='ltr'>δὴ</span> <span class='ocrx_word' id='word_1_110' title='bbox 1861 2183 1952 2241; x_wconf 83' lang='grc' dir='ltr'>καὶ</span> 
     </span>
    </p>

    <p class='ocr_par' dir='ltr' id='par_1_5' title="bbox 240 2268 1951 2438">
     <span class='ocr_line' id='line_1_19' title="bbox 240 2268 1950 2348; baseline 0 -20"><span class='ocrx_word' id='word_1_111' title='bbox 240 2333 245 2338; x_wconf 52' lang='grc'><strong><em>,</em></strong></span> <span class='ocrx_word' id='word_1_112' title='bbox 354 2273 581 2346; x_wconf 81' lang='grc' dir='ltr'>μᾶλλον</span> <span class='ocrx_word' id='word_1_113' title='bbox 622 2269 845 2346; x_wconf 78' lang='grc' dir='ltr'>ὥρμητο</span> <span class='ocrx_word' id='word_1_114' title='bbox 885 2270 976 2328; x_wconf 84' lang='grc' dir='ltr'>καὶ</span> <span class='ocrx_word' id='word_1_115' title='bbox 1012 2268 1096 2330; x_wconf 83' lang='grc' dir='ltr'>ἐπ’</span> <span class='ocrx_word' id='word_1_116' title='bbox 1131 2268 1485 2348; x_wconf 75' lang='grc' dir='ltr'>ἀμφοτέρους</span> <span class='ocrx_word' id='word_1_117' title='bbox 1524 2269 1950 2346; x_wconf 82' lang='grc' dir='ltr'>στρατεύεσθαι.</span> 
     </span>
     <span class='ocr_line' id='line_1_20' title="bbox 300 2356 1951 2438; baseline 0 -22"><span class='ocrx_word' id='word_1_118' title='bbox 300 2360 337 2416; x_wconf 82' lang='grc'>2</span> <span class='ocrx_word' id='word_1_119' title='bbox 354 2357 746 2437; x_wconf 67' lang='grc' dir='ltr'>Στελλομένου</span> <span class='ocrx_word' id='word_1_120' title='bbox 786 2357 845 2416; x_wconf 80' lang='grc' dir='ltr'>δὲ</span> <span class='ocrx_word' id='word_1_121' title='bbox 873 2358 1114 2434; x_wconf 83' lang='grc' dir='ltr'>Δαρείου</span> <span class='ocrx_word' id='word_1_122' title='bbox 1142 2356 1226 2416; x_wconf 88' lang='grc' dir='ltr'>ἐπ’</span> <span class='ocrx_word' id='word_1_123' title='bbox 1262 2358 1546 2438; x_wconf 75' lang='grc' dir='ltr'>Αἴγυπτον</span> <span class='ocrx_word' id='word_1_124' title='bbox 1578 2358 1671 2417; x_wconf 83' lang='grc' dir='ltr'>καὶ</span> <span class='ocrx_word' id='word_1_125' title='bbox 1694 2356 1951 2433; x_wconf 86' lang='grc' dir='ltr'>Ἀθήνας,</span> 
     </span>
    </p>

    <p class='ocr_par' dir='ltr' id='par_1_6' title="bbox 354 2443 1955 2526">
     <span class='ocr_line' id='line_1_21' title="bbox 354 2443 1955 2526; baseline 0.004 -23"><span class='ocrx_word' id='word_1_126' title='bbox 354 2448 463 2504; x_wconf 77' lang='grc' dir='ltr'>τῶν</span> <span class='ocrx_word' id='word_1_127' title='bbox 498 2445 707 2506; x_wconf 83' lang='grc' dir='ltr'>παίδων</span> <span class='ocrx_word' id='word_1_128' title='bbox 736 2444 906 2506; x_wconf 79' lang='grc' dir='ltr'>αὐτοῦ</span> <span class='ocrx_word' id='word_1_129' title='bbox 944 2443 1150 2509; x_wconf 75' lang='grc' dir='ltr'>στάσις</span> <span class='ocrx_word' id='word_1_130' title='bbox 1191 2444 1407 2526; x_wconf 85' lang='grc' dir='ltr'>ἐγένετο</span> <span class='ocrx_word' id='word_1_131' title='bbox 1442 2446 1665 2526; x_wconf 82' lang='grc' dir='ltr'>μεγάλη</span> <span class='ocrx_word' id='word_1_132' title='bbox 1701 2447 1829 2523; x_wconf 82' lang='grc' dir='ltr'>περὶ</span> <span class='ocrx_word' id='word_1_133' title='bbox 1853 2451 1955 2522; x_wconf 84' lang='grc' dir='ltr'>τῆς</span> 
     </span>
    </p>
   </div>
   <div class='ocr_carea' id='block_1_4' title="bbox 354 2531 1956 2695">
    <p class='ocr_par' dir='ltr' id='par_1_7' title="bbox 354 2531 1956 2695">
     <span class='ocr_line' id='line_1_22' title="bbox 354 2531 1956 2611; baseline 0.002 -21"><span class='ocrx_word' id='word_1_134' title='bbox 354 2531 671 2611; x_wconf 82' lang='grc' dir='ltr'>ἦγεμονιης·</span> <span class='ocrx_word' id='word_1_135' title='bbox 712 2532 784 2596; x_wconf 77' lang='grc' dir='ltr'>ὥς</span> <span class='ocrx_word' id='word_1_136' title='bbox 810 2534 895 2593; x_wconf 80' lang='grc' dir='ltr'>δεῖ</span> <span class='ocrx_word' id='word_1_137' title='bbox 915 2559 1013 2610; x_wconf 91' lang='grc' dir='ltr'>μιν</span> <span class='ocrx_word' id='word_1_138' title='bbox 1037 2533 1384 2604; x_wconf 78' lang='grc' dir='ltr'>α’,ποδεξαντα</span> <span class='ocrx_word' id='word_1_139' title='bbox 1408 2532 1664 2609; x_wconf 84' lang='grc' dir='ltr'>βασιλέα</span> <span class='ocrx_word' id='word_1_140' title='bbox 1690 2558 1830 2592; x_wconf 87' lang='grc' dir='ltr'>κατα</span> <span class='ocrx_word' id='word_1_141' title='bbox 1855 2534 1956 2593; x_wconf 78' lang='grc' dir='ltr'>τὰν</span> 
     </span>
     <span class='ocr_line' id='line_1_23' title="bbox 359 2612 1955 2695; baseline 0.001 -24"><span class='ocrx_word' id='word_1_142' title='bbox 359 2612 627 2689; x_wconf 89' lang='grc' dir='ltr'>Περσέων</span> <span class='ocrx_word' id='word_1_143' title='bbox 640 2612 828 2690; x_wconf 83' lang='grc' dir='ltr'>νόμον,</span> <span class='ocrx_word' id='word_1_144' title='bbox 846 2614 985 2674; x_wconf 81' lang='grc' dir='ltr'>οὕτω</span> <span class='ocrx_word' id='word_1_145' title='bbox 1000 2613 1424 2692; x_wconf 81' lang='grc' dir='ltr'>στρατεύεσθαι·</span> <span class='ocrx_word' id='word_1_146' title='bbox 1449 2612 1600 2690; x_wconf 85' lang='grc' dir='ltr'>ἦσαν</span> <span class='ocrx_word' id='word_1_147' title='bbox 1611 2640 1720 2695; x_wconf 89' lang='grc' dir='ltr'>γαρ</span> <span class='ocrx_word' id='word_1_148' title='bbox 1738 2615 1955 2694; x_wconf 77' lang='grc' dir='ltr'>Δαρείῳ</span> 
     </span>
    </p>
   </div>
   <div class='ocr_carea' id='block_1_5' title="bbox 334 2700 1957 3309">
    <p class='ocr_par' dir='ltr' id='par_1_8' title="bbox 334 2700 1957 3309">
     <span class='ocr_line' id='line_1_24' title="bbox 358 2700 1953 2784; baseline 0 -24"><span class='ocrx_word' id='word_1_149' title='bbox 358 2701 449 2760; x_wconf 86' lang='grc' dir='ltr'>καὶ</span> <span class='ocrx_word' id='word_1_150' title='bbox 488 2701 762 2779; x_wconf 86' lang='grc' dir='ltr'>πρότερον</span> <span class='ocrx_word' id='word_1_151' title='bbox 794 2700 831 2778; x_wconf 83' lang='grc' dir='ltr'>ἦ</span> <span class='ocrx_word' id='word_1_152' title='bbox 863 2703 1217 2778; x_wconf 79' lang='grc' dir='ltr'>βασιλεῦσαι</span> <span class='ocrx_word' id='word_1_153' title='bbox 1247 2701 1539 2784; x_wconf 80' lang='grc' dir='ltr'>γεγονότες</span> <span class='ocrx_word' id='word_1_154' title='bbox 1567 2705 1714 2779; x_wconf 80' lang='grc' dir='ltr'>τρεῖς</span> <span class='ocrx_word' id='word_1_155' title='bbox 1745 2702 1953 2772; x_wconf 84' lang='grc' dir='ltr'>παῖδες,</span> 
     </span>
     <span class='ocr_line' id='line_1_25' title="bbox 358 2789 1956 2871; baseline -0.001 -22"><span class='ocrx_word' id='word_1_156' title='bbox 358 2795 419 2849; x_wconf 90' lang='grc' dir='ltr'>ἐκ</span> <span class='ocrx_word' id='word_1_157' title='bbox 456 2794 559 2866; x_wconf 85' lang='grc' dir='ltr'>τῆς</span> <span class='ocrx_word' id='word_1_158' title='bbox 597 2789 869 2868; x_wconf 86' lang='grc' dir='ltr'>προτέρης</span> <span class='ocrx_word' id='word_1_159' title='bbox 912 2816 1171 2871; x_wconf 87' lang='grc' dir='ltr'>γυναικος</span> <span class='ocrx_word' id='word_1_160' title='bbox 1217 2789 1494 2868; x_wconf 84' lang='grc' dir='ltr'>Γωβρύεω</span> <span class='ocrx_word' id='word_1_161' title='bbox 1534 2789 1822 2871; x_wconf 87' lang='grc' dir='ltr'>θυγατρος,</span> <span class='ocrx_word' id='word_1_162' title='bbox 1863 2790 1956 2848; x_wconf 85' lang='grc' dir='ltr'>καὶ</span> 
     </span>
     <span class='ocr_line' id='line_1_26' title="bbox 354 2876 1954 2956; baseline 0.001 -20"><span class='ocrx_word' id='word_1_163' title='bbox 354 2877 775 2954; x_wconf 83' lang='grc' dir='ltr'>βασιλεύσαντι</span> <span class='ocrx_word' id='word_1_164' title='bbox 813 2879 878 2949; x_wconf 80' lang='grc' dir='ltr'>ἐξ</span> <span class='ocrx_word' id='word_1_165' title='bbox 910 2876 1199 2954; x_wconf 86' lang='grc' dir='ltr'>Ἀτόσσης</span> <span class='ocrx_word' id='word_1_166' title='bbox 1237 2882 1338 2953; x_wconf 86' lang='grc' dir='ltr'>τῆς</span> <span class='ocrx_word' id='word_1_167' title='bbox 1379 2877 1570 2956; x_wconf 86' lang='grc' dir='ltr'>Κύρου</span> <span class='ocrx_word' id='word_1_168' title='bbox 1613 2877 1789 2956; x_wconf 83' lang='grc' dir='ltr'>ἕτεροι</span> <span class='ocrx_word' id='word_1_169' title='bbox 1826 2876 1954 2938; x_wconf 84' lang='grc' dir='ltr'>τέσ-</span> 
     </span>
     <span class='ocr_line' id='line_1_27' title="bbox 334 2964 1957 3044; baseline -0.001 -18"><span class='ocrx_word' id='word_1_170' title='bbox 334 2992 537 3044; x_wconf 76' lang='grc' dir='ltr'>σερες·</span> <span class='ocrx_word' id='word_1_171' title='bbox 578 2969 688 3027; x_wconf 86' lang='grc' dir='ltr'>τῶν</span> <span class='ocrx_word' id='word_1_172' title='bbox 718 2969 823 3044; x_wconf 76' lang='grc' dir='ltr'>μὲν</span> <span class='ocrx_word' id='word_1_173' title='bbox 856 2966 923 3042; x_wconf 73' lang='grc' dir='ltr'>δὴ</span> <span class='ocrx_word' id='word_1_174' title='bbox 951 2966 1236 3044; x_wconf 83' lang='grc' dir='ltr'>προτέρων</span> <span class='ocrx_word' id='word_1_175' title='bbox 1271 2966 1582 3043; x_wconf 87' lang='grc' dir='ltr'>ἐπρέσβευε</span> <span class='ocrx_word' id='word_1_176' title='bbox 1606 2964 1957 3043; x_wconf 76' lang='grc' dir='ltr'>Ἀρταβαζά-</span> 
     </span>
     <span class='ocr_line' id='line_1_28' title="bbox 358 3051 1957 3137; baseline -0.001 -23"><span class='ocrx_word' id='word_1_177' title='bbox 358 3080 472 3129; x_wconf 86' lang='grc' dir='ltr'>νης,</span> <span class='ocrx_word' id='word_1_178' title='bbox 504 3057 616 3114; x_wconf 79' lang='grc' dir='ltr'>τῶν</span> <span class='ocrx_word' id='word_1_179' title='bbox 648 3054 709 3114; x_wconf 78' lang='grc' dir='ltr'>δὲ</span> <span class='ocrx_word' id='word_1_180' title='bbox 742 3053 1145 3137; x_wconf 81' lang='grc' dir='ltr'>ἐπιγενομένων</span> <span class='ocrx_word' id='word_1_181' title='bbox 1177 3054 1408 3133; x_wconf 80' lang='grc' dir='ltr'>Ξέρξης·</span> <span class='ocrx_word' id='word_1_182' title='bbox 1442 3054 1620 3118; x_wconf 83' lang='grc' dir='ltr'>ἐόντες</span> <span class='ocrx_word' id='word_1_183' title='bbox 1655 3054 1715 3113; x_wconf 79' lang='grc' dir='ltr'>δὲ</span> <span class='ocrx_word' id='word_1_184' title='bbox 1742 3051 1957 3130; x_wconf 80' lang='grc' dir='ltr'>μητρὸς</span> 
     </span>
     <span class='ocr_line' id='line_1_29' title="bbox 359 3139 1956 3219; baseline 0 -19"><span class='ocrx_word' id='word_1_185' title='bbox 359 3141 426 3201; x_wconf 75' lang='grc' dir='ltr'>οὐ</span> <span class='ocrx_word' id='word_1_186' title='bbox 469 3147 572 3218; x_wconf 83' lang='grc' dir='ltr'>τῆς</span> <span class='ocrx_word' id='word_1_187' title='bbox 617 3142 802 3219; x_wconf 74' lang='grc' dir='ltr'>αὐτῆς,</span> <span class='ocrx_word' id='word_1_188' title='bbox 853 3142 1209 3213; x_wconf 76' lang='grc' dir='ltr'>ἐστασίαζον·</span> <span class='ocrx_word' id='word_1_189' title='bbox 1279 3141 1312 3202; x_wconf 78' lang='grc' dir='ltr'>ὁ</span> <span class='ocrx_word' id='word_1_190' title='bbox 1363 3143 1468 3218; x_wconf 84' lang='grc' dir='ltr'>μὲν</span> <span class='ocrx_word' id='word_1_191' title='bbox 1513 3139 1956 3218; x_wconf 79' lang='grc' dir='ltr'>Ἀρταβαζάνης,</span> 
     </span>
     <span class='ocr_line' id='line_1_30' title="bbox 360 3226 1956 3309; baseline -0.001 -22"><span class='ocrx_word' id='word_1_192' title='bbox 360 3228 549 3290; x_wconf 86' lang='grc' dir='ltr'>κατότι</span> <span class='ocrx_word' id='word_1_193' title='bbox 588 3229 982 3309; x_wconf 78' lang='grc' dir='ltr'>πρεσβύτατός</span> <span class='ocrx_word' id='word_1_194' title='bbox 1018 3255 1083 3290; x_wconf 89' lang='grc' dir='ltr'>τε</span> <span class='ocrx_word' id='word_1_195' title='bbox 1124 3229 1210 3307; x_wconf 79' lang='grc' dir='ltr'>εἴη</span> <span class='ocrx_word' id='word_1_196' title='bbox 1248 3228 1457 3294; x_wconf 73' lang='grc' dir='ltr'>παντὸς</span> <span class='ocrx_word' id='word_1_197' title='bbox 1507 3231 1608 3289; x_wconf 81' lang='grc' dir='ltr'>τοῦ</span> <span class='ocrx_word' id='word_1_198' title='bbox 1653 3226 1823 3304; x_wconf 85' lang='grc' dir='ltr'>γόνου</span> <span class='ocrx_word' id='word_1_199' title='bbox 1863 3226 1956 3285; x_wconf 84' lang='grc' dir='ltr'>καὶ</span> 
     </span>
    </p>
   </div>
  </div>
 </body>
</html>
