2259 3500
280 131 283 134 ’
331 147 421 196 110
919 144 1290 197 ·nP0Aomo'1·
1795 147 1919 213 [VJ.

324 226 665 304 προσέφερε·
706 227 868 292 ἐνδῦς
901 229 1106 288 κιθῶνα
1148 227 1326 307 μέγαν
1359 228 1452 288 καὶ
1487 227 1704 288 κόλπον
1739 228 1923 289 πολύν

322 313 767 391 καταλιπόμενος
802 318 903 374 τοῦ
935 314 1180 382 κιθῶνος,
1209 312 1503 389 κοθόρνους
1541 314 1670 377 τούς
1701 314 1922 393 εὕρισκε

323 401 653 477 εὐρυτάτους
696 402 883 465 ἐόντας
913 400 1356 479 ὑποδησάμενος,
1381 400 1470 477 ἤϊε
1495 406 1552 465 ἐς
1575 402 1674 463 τᾶν
1709 405 1920 481 θησαυ-

317 488 417 566 ρόν
467 494 522 552 ἐς
567 488 667 549 τόν
715 493 768 548 οἱ
817 490 1170 570 κατηγέοντο,
1221 489 1480 549 ἐσπεσὼν
1527 490 1587 549 δὲ
1634 496 1690 553 ἐς
1735 493 1921 569 σωρὸν

319 575 630 657 ψήγματος,
671 580 865 653 πρῶτα
905 580 1008 654 μὲν
1051 577 1339 653 παρέσαξε
1379 577 1532 655 παρὰ
1566 577 1666 641 τὰς
1707 580 1928 656 κνήμας.

316 668 417 723 τοῦ
456 668 673 743 χρυσοῦ
711 664 851 725 ὅσον
884 662 1121 743 ἐχώρεον
1147 666 1202 724 οἱ
1229 664 1504 742 κόθορνοι·
1543 665 1687 741 μετοὶ
1713 666 1790 735 δὲ,
1816 667 1918 728 τὸν

318 751 533 813 κόλπον
572 750 758 813 πάντα
797 751 1164 828 πλησάμενος
1203 756 1438 831 χρυσοῦ,
1469 754 1560 811 καὶ
1587 758 1643 816 ἐς
1666 752 1766 816 τοὶς
1803 755 1916 832 τρί-

314 866 421 919 χας
460 844 560 917 τῆς
593 843 850 917 κεφαλῆς
876 838 1157 902 διαπάσας
1181 844 1282 899 τοῦ
1310 839 1618 920 ψήγματος,
1647 841 1740 899 καὶ
1766 839 1916 903 ἄλλο

314 928 515 1005 λαβὼν
561 934 616 992 ἐς
652 927 720 988 τὰ
753 926 958 1004 στόμα,
988 926 1136 1002 ἐξήῖε
1176 932 1238 986 ἐκ
1272 932 1371 987 τοῦ
1415 928 1699 1004 θησαυροῦ
1741 928 1915 989 ἕλκων

315 1018 418 1091 μὲν
456 1015 621 1096 μόγις
660 1014 789 1077 τοῦς
816 1014 1127 1090 κοθόρνους,
1159 1016 1328 1074 παντὶ
1353 1016 1416 1073 δέ
1439 1040 1544 1093 τεῳ
1571 1014 1730 1078 οἶκῶς
1767 1020 1912 1092 μᾶλ-

311 1105 417 1160 λον
456 1100 493 1178 ἢ
536 1101 824 1179 ἀνθρώπῳ·
878 1106 979 1161 τοῦ
1024 1101 1091 1161 τό
1137 1127 1200 1161 τε
1247 1101 1435 1179 στόμα
1483 1102 1772 1178 ἐβέβυστο
1821 1103 1913 1161 καὶ

311 1188 496 1248 πάντα
552 1188 842 1269 ἐξόγκωτο.
928 1188 1115 1248 ἰδόντα
1170 1189 1230 1247 δὲ
1274 1188 1376 1249 τόν
1429 1194 1682 1266 Κροῖσον
1734 1190 1912 1269 γέλως

313 1277 544 1351 ἐσῆλθε·
600 1277 697 1334 καί
740 1278 795 1335 οἱ
843 1275 1036 1336 πάνται
1070 1302 1134 1336 τε
1180 1279 1359 1336 ἐκεῖνα
1406 1278 1562 1347 διδοῖ,
1611 1277 1704 1335 καὶ
1750 1276 1908 1353 πρός,

314 1364 473 1440 ἔτερα
532 1363 787 1440 δωρέεται
850 1361 949 1421 οὐκ
1011 1363 1244 1423 ἐλάσσω
1299 1367 1532 1424 ἐκείνων.
1615 1364 1754 1424 οὕτω
1805 1366 1910 1441 μὲν

314 1450 629 1527 ἐπλούτησε
658 1448 696 1525 ῆ
732 1452 875 1527 οἰκίη
908 1450 1047 1527 αὕτη
1082 1451 1358 1532 μεγάλως·
1401 1454 1494 1513 καὶ
1523 1451 1556 1511 ὁ
1587 1450 1909 1528 Ἀλκμαίων

312 1535 474 1601 οὗτος
526 1536 665 1598 οὕτω
718 1539 1300 1615 τεθριπποτροφήσας,
1347 1538 1706 1616 Ὀλυμπιάδα
1755 1537 1907 1598 ἀναι-

225 1627 333 1685 126
348 1626 549 1703 ρέεται.
633 1625 795 1685 Μετοὶ
844 1627 918 1697 δὲ,
962 1632 1126 1709 γενεῇ
1173 1627 1396 1704 δευτέρῃ
1439 1626 1693 1703 ὕστερον,
1735 1630 1908 1685 Κλει-

310 1714 515 1792 σθένης
552 1741 649 1794 μιν
681 1714 713 1776 ὅ
741 1717 1015 1780 Σικυῶνος
1038 1715 1305 1793 τύραννος
1332 1712 1554 1792 ἐξήειρε,
1583 1712 1728 1774 ὥστε
1765 1719 1905 1775 πολ-

308 1805 392 1882 M?
416 1803 863 1881 ὀνομαστοτέρην
881 1803 1145 1883 γενέσθαι
1173 1807 1230 1860 ἐν
1257 1805 1410 1861 τοῖσι
1427 1801 1682 1878 εΈλλησι
1707 1799 1743 1877 ἢ
1767 1802 1905 1879 πρό-

310 1916 471 1968 τερον
512 1891 600 1966 ἦν.
684 1890 1019 1950 Κλεισθένεϊ
1064 1888 1175 1968 γοὶρ
1221 1893 1297 1966 τῷ
1339 1889 1757 1967 Ἀριστωνύμου
1801 1894 1906 1949 τοῦ

309 1978 583 2054 Μύρωνος,
614 1981 715 2036 τοῦ
756 1976 993 2053 Ἀνδρέω
1021 1977 1246 2056 ’γίνεται
1291 1975 1536 2055 θυγάτηρ
1578 1979 1651 2054 τῇ
1693 1975 1904 2052 οὕνομα

306 2063 377 2139 ἦν
407 2065 736 2146 Ἀγαρίστη.
817 2063 1021 2136 ταύτην
1060 2061 1324 2138 ἠθέλησε,
1360 2062 1648 2137 Ἑλλήνων
1685 2061 1905 2124 πάντων

310 2151 541 2229 ἐξευρῶν
586 2150 686 2210 τόν
740 2148 986 2225 ἄριστον,
1041 2148 1218 2227 τούτῳ
1267 2152 1502 2228 γυναῖκα
1553 2151 1902 2226 προσθεῖναι.

304 2238 631 2313 Ὀλυμπίων
673 2235 747 2296 ὦν
781 2236 977 2296 ἐόντων
1010 2236 1102 2295 καὶ
1138 2241 1300 2296 νικῶν
1333 2242 1391 2296 ἐν
1425 2235 1647 2296 αὗτοῖσι
1682 2239 1904 2315 τεθρίπ-

308 2351 394 2402 πῳ
422 2326 453 2383 ὁ
483 2324 849 2400 Κλεισθένης,
878 2323 1136 2404 κήρυγμα
1161 2321 1484 2400 ἐποιήσατο,
1515 2323 1672 2388 ὅστις
1695 2323 1904 2401 Ἐλλή-

309 2438 415 2471 νων
460 2411 657 2472 ἑωυτὸν
705 2410 853 2481 άξιοῖ
894 2412 1268 2474 Κλεισθένεος
1312 2412 1577 2494 γαμβρὸν
1624 2413 1902 2492 γενέσθαι,

310 2497 463 2574 ἥκειν
504 2504 559 2562 ἐς
599 2498 907 2574 ἑξηκοστὴν
938 2498 1151 2576 ἡμέρην
1177 2498 1213 2575 ἢ
1241 2500 1332 2559 καὶ
1358 2499 1628 2577 πρότερον
1663 2505 1719 2562 ἐς
1745 2501 1903 2564 Σικυ-

308 2590 434 2655 ῶνα,
464 2585 535 2649 ὥς
572 2585 915 2664 κυρώσοντος
944 2588 1319 2649 Κλεισθένεος
1353 2586 1452 2647 τὸν
1485 2584 1669 2666 γάμον
1707 2591 1764 2646 ἐν
1802 2591 1904 2647 ἐνι-

304 2678 467 2753 αυτῷ,
512 2673 622 2734 οἷπό
664 2679 765 2749 τῆς
808 2673 1111 2749 ἑξηκοστῆς
1156 2673 1466 2751 ἀρξαμένου
1508 2673 1738 2751 ἡμέρης.
1823 2678 1903 2734 ἐν-

304 2763 481 2822 θαῦτα
528 2761 817 2838 Ἑλλήνων
864 2761 994 2822 ὅσοι
1040 2762 1218 2836 σφίσι
1261 2785 1322 2820 τε
1367 2759 1589 2821 αὐτοῖσι
1623 2760 1773 2835 ἦσαν
1811 2761 1903 2819 καὶ

304 2849 487 2928 πάτρῃ
508 2850 900 2930 ἐξωγκωμένοι,
918 2849 1174 2923 ἐφοίτεον
1199 2852 1532 2926 μνηστῆρες·
1560 2850 1714 2906 τοῖσι
1733 2851 1900 2906 Κλει-

304 2937 507 3012 σθένης
543 2938 634 2996 καὶ
674 2937 883 3014 δρόμον
910 2937 1003 2994 καὶ
1027 2936 1385 3011 παλαίστρην
1409 2935 1790 3011 ποιησάμενος
1817 2932 1902 2992 ἐπ’

213 3024 323 3083 127
344 3024 489 3104 αὐτῷ
514 3025 689 3104 τούτῳ
716 3025 851 3104 εἶχε,
905 3023 1052 3082 ’An-<3
1079 3026 1183 3100 μὲν
1210 3023 1277 3098 δὴ
1304 3023 1548 3098 Ἰταλίης
1572 3021 1715 3096 ἦλθε
1733 3023 1901 3097 Σμιν-

302 3110 521 3187 δυρίδης
550 3112 584 3172 ὁ
614 3109 1011 3190 Ἱπποκράτεος
1045 3110 1363 3186 Συβαρίτης
1398 3109 1458 3171 ὃς
1493 3109 1582 3168 ἐπὶ
1625 3111 1902 3167 πλεῖστον

301 3197 372 3271 δή
408 3201 609 3276 χλιδῆς
644 3202 720 3264 εἷς
754 3198 897 3278 α’,νῆρ
934 3197 1184 3258 ἀπίκετο·
1227 3197 1265 3273 ἦ
1308 3197 1368 3255 δὲ
1401 3194 1649 3270 Σύβαρις
1685 3193 1901 3269 ἤκμαζε

318 3288 501 3346 ’σίἶτον
530 3289 629 3368 τόγ
663 3288 869 3367 χρόνον
901 3285 1177 3365 μάλιστα·
1221 3285 1314 3344 καὶ
1345 3283 1568 3358 Σιρίτης
1603 3278 1898 3356 Δάμασος,
