2259 3500
321 137 540 204 75-—78J
1007 138 1232 188 mum.
1856 137 1919 182 89

405 218 716 295 Κλεομένεΐ
751 219 863 298 γὰρ
901 219 1287 297 μαντευομένῳ
1330 223 1389 276 ἐν
1435 220 1723 290 Δελφοῖσι
1760 214 1919 293 ἐχρή-
1940 219 2014 276 76

324 307 440 381 σθη
457 305 668 386 Ἀργος
703 305 975 383 αἱρήσειν.
1057 307 1183 365 ἐπεί
1211 332 1273 366 τε
1306 304 1365 363 δὲ
1393 303 1747 380 Σπαρτιήτας
1772 301 1921 383 α”γων

323 392 553 454 ἀπίκετο
580 394 672 453 ἐπὶ
707 393 962 470 ποταμὸν
985 393 1301 471 Ἐρασῖνον,
1332 393 1393 456 ὃς
1423 395 1647 474 λέγεται
1678 393 1822 469 ῥέειν
1858 397 1923 450 ἐκ

323 485 422 558 τῆς
439 483 808 558 Στυμφηλίης
823 483 1042 558 λίμνης·
1073 481 1199 559 (τήν
1213 507 1323 562 γαρ
1340 481 1407 557 δὴ
1425 481 1629 557 λίμνην
1644 480 1851 556 ταύτην
1865 484 1920 543 ἐς

321 595 522 679 χασμα
555 568 766 645 α’φανες
810 569 1137 630 ἐκδιδοῦσαν
1166 569 1577 646 ἀναφαίνεσθαι
1614 574 1672 628 ἐν
1702 567 1920 650 Ἀργεῖ’,

320 683 386 718 το
443 659 694 719 ἐνθεῦτεν
739 658 800 716 δὲ
849 658 916 718 τό
957 657 1100 735 ὕδωρ
1147 656 1257 735 ἤδη
1298 661 1467 717 τοῦτο
1516 655 1609 718 ὕπ’
1654 656 1921 739 Ἀργείων

319 745 619 823 Ἐρασῖνον
641 745 960 808 καλέεσθαι·
965 745 1050 824 )'
1013 746 1348 822 απικόμενος
1375 744 1421 804 δ’
1448 742 1523 804 ὧν
1542 771 1573 805 ο
1558 743 1921 821 Κλεομένης

321 829 414 886 ἐπὶ
453 826 554 887 τὸν
592 826 849 904 ποταμόν
879 830 1078 887 τοῦτον
1112 826 1489 907 ἐσφαγιάζετο
1520 825 1681 904 αὐτῷ,
1723 827 1815 884 καὶ
1856 853 1919 884 ου

319 941 432 995 γαρ
459 913 709 992 ουδαμῶς
733 915 1052 991 ἐκαλλιέρεε
1076 914 1385 991 διαβαίνειν
1409 939 1523 991 μιν,
1548 912 1798 994 αγασθαι
1816 916 1920 990 μὲν

322 1003 434 1078 ἔφη
472 1007 573 1062 τοῦ
611 1001 914 1080 Ἐρασίνου
954 1001 1020 1062 οὖ
1059 1002 1419 1080 προδιδόντος
1456 1027 1585 1064 τους
1628 999 1919 1077 πολιήτας,

320 1084 604 1173 Ἀργείους
642 1093 836 1169 μέντοι
875 1089 987 1151 οὐδ’
1023 1091 1094 1156 ὣς
1123 1091 1439 1171 χαιρήσειν·
1478 1089 1621 1168 μετὰ
1654 1091 1713 1151 δὲ
1744 1093 1921 1150 ταῦτα

321 1178 765 1257 ἐξαναχωρήσας,
805 1177 909 1254 τὴν
949 1182 1223 1257 στρατιὴν
1262 1179 1543 1262 κατήγαγε
1586 1184 1642 1242 ἐς
1684 1180 1919 1256 Θυρέην·

321 1267 790 1348 σφαγιασάμενος
843 1267 902 1326 δὲ
951 1273 1026 1347 τῇ
1079 1267 1355 1347 θαλάσσῃ
1394 1273 1617 1346 ταῦρον,
1657 1267 1921 1327 πλοίοισί

321 1362 508 1432 σφεας
533 1354 714 1436 ἤγαγε
757 1357 811 1419 ἔς
838 1381 902 1416 τε
941 1355 1046 1432 τὴν
1085 1358 1379 1434 Τιρυνθίην
1416 1356 1605 1435 χώρην
1636 1358 1727 1416 καὶ
1766 1361 1918 1416 Ναυ-

321 1445 514 1520 πλίην.
606 1443 852 1526 Ἀργεῖοι
894 1443 942 1503 δ’
969 1445 1245 1521 ἐβοήθεον
1286 1445 1691 1522 πυνθανόμενοι
1742 1450 1917 1505 ταῦτα
1938 1447 2011 1505 77

321 1531 412 1590 ἐπὶ
439 1531 762 1592 θάλασσαν·
821 1531 892 1595 (εἷς
918 1532 978 1591 δὲ
1001 1530 1183 1612 α’,γχοΰ
1207 1535 1311 1609 μὲν
1338 1533 1583 1612 ἐγίνοντο
1606 1537 1707 1609 τῆς
1732 1535 1919 1610 Τίρυν-

321 1619 418 1682 θος
457 1619 619 1700 χώρῳ
672 1619 732 1678 δὲ
779 1625 836 1679 ἐν
875 1619 1053 1697 τούτῳ
1091 1624 1170 1698 τῷ
1210 1620 1389 1678 κέεται
1431 1618 1647 1695 Σήπεια
1692 1619 1919 1697 οὕνομα,

317 1709 654 1788 μεταίχμιον
679 1707 745 1768 οὗ
771 1706 920 1789 μέγα
946 1705 1315 1771 ἀπολιπόντες
1343 1708 1525 1779 ἵζοντο
1558 1705 1735 1768 ἀντίοι
1767 1712 1921 1767 τοῖσι

321 1798 833 1874 Λακεδαιμονίοισι.
892 1796 1128 1857 ἐνθαῦτα
1156 1796 1226 1873 δή
1253 1800 1309 1855 οἶ
1332 1796 1578 1877 Ἀργεῖοι
1603 1797 1707 1871 τήν
1731 1798 1835 1872 μὲν
1860 1800 1921 1855 ἐκ

319 1888 420 1945 τοῦ
458 1889 703 1963 φανεροῦ
737 1883 928 1963 μάχην
965 1884 1066 1943 οὐκ
1103 1885 1432 1963 ἐφοβέοντο,
1472 1883 1624 1943 α’,λλσῖ
1654 1884 1737 1961 μή
1774 1883 1921 1965 δόλῳ

321 1975 632 2050 αἱρεθέωσι·
675 1974 768 2033 καὶ
793 1972 904 2055 γὰρ
932 1972 1002 2049 δή
1025 1980 1141 2050 σφι
1177 1979 1233 2036 ἐς
1256 1976 1423 2033 τοῦτο
1448 1971 1515 2032 τὸ
1543 1977 1777 2054 πρῆγμα
1804 1973 1921 2051 εἶχε

318 2061 386 2121 τὸ
413 2062 760 2141 χρηστήριον
782 2062 850 2123 τό
877 2064 1128 2143 ἐπίκοινα
1154 2062 1362 2140 ἔχρησε
1393 2060 1432 2137 ἦ
1460 2062 1645 2137 Πυθίη
1670 2060 1927 2122 τούτοισί

318 2174 380 2208 τε
408 2151 501 2209 καὶ
527 2152 889 2226 Μιλησίοισι,
916 2152 1086 2233 λέγον
1112 2148 1235 2209 ὦδε·

511 2261 646 2310 Ἀλλ’
681 2264 800 2311 ὅταν
830 2266 862 2321 ἡ
899 2239 1069 2321 θήλεια
1101 2263 1187 2311 τὸν
1220 2260 1398 2323 ἄρσενα
1433 2262 1671 2320 νικήσασα

520 2334 742 2393 ἐξελάσῃ,
781 2336 862 2397 καὶ
895 2336 1028 2383 κῦδος
1062 2336 1112 2383 ἐν
1145 2334 1435 2395 Ἀργείοισιν
1467 2333 1655 2395 ἄρηται,

519 2406 708 2453 πολλὰς
738 2404 968 2465 Ἀργείων
999 2406 1330 2467 ἀμφιδρυφέας
1361 2404 1473 2451 τότε
1508 2407 1661 2463 θήσει·

519 2474 582 2523 ὥς
618 2477 740 2523 ποτέ
771 2492 843 2525 τις
878 2477 996 2537 ἐρέει
1028 2478 1108 2525 καὶ
1143 2476 1476 2534 ἐπεσσομένων
1509 2475 1783 2538 ἀνθρώπων,

517 2546 661 2597 δεινὸς
693 2548 799 2609 ὄφις
831 2549 1093 2609 τριέλικτος
1128 2546 1354 2596 ἀπώλετο
1388 2548 1515 2610 δουρὶ
1548 2550 1818 2607 δαμασθείς.

323 2659 512 2716 Ταῦτα
538 2657 606 2734 δή
633 2657 815 2719 πάντα
840 2659 1189 2720 συνελθόντα
1212 2664 1365 2720 τοῖσι
1390 2659 1701 2742 Ἀργείοισι
1728 2660 1921 2738 φόβον

329 2747 577 2825 παρεῖχε·
658 2747 750 2805 καὶ
790 2746 860 2823 δή
896 2753 1008 2823 σφι
1039 2746 1183 2824 πρός
1211 2752 1390 2809 ταῦτα
1420 2749 1573 2818 ἔδοξε
1610 2753 1687 2828 τῷ
1727 2748 1923 2825 κήρυκι

321 2834 430 2890 τῶν
460 2836 744 2910 πολεμίων
773 2836 1044 2914 χρᾶσθαι·
1094 2834 1264 2905 δόξαν
1296 2836 1360 2895 δέ
1392 2843 1521 2913 σφι,
1555 2839 1771 2896 ἐποίευν
1808 2835 1921 2896 τὀι-

321 2917 463 2979 όνδε·
527 2919 664 2984 ὅκως
715 2921 748 2983 ὁ
803 2922 1157 3000 Σπαρτιήτης
1212 2923 1395 3000 κήμυξ
1436 2924 1814 3002 προσημαίνοι
1865 2946 1921 2982 τι

318 3008 826 3086 Λακεδαιμονίοισι,
851 3012 1067 3071 ἐποίευν
1085 3012 1180 3071 καὶ
1200 3014 1253 3071 οἱ
1272 3010 1518 3093 Ἀργεῖοι
1537 3010 1714 3071 τῶυτὸ
1735 3014 1919 3070 τοῦτο.

320 3097 536 3159 Μαθὼν
577 3098 636 3157 δὲ
679 3096 711 3158 ὅ
755 3098 1080 3175 Κλεομένης
1127 3102 1419 3161 ποιεῦντας
1464 3097 1591 3160 τούς
1636 3098 1922 3177 Ἀργείους
1939 3099 2016 3157 78

319 3182 507 3247 ὁκοῖόν
540 3214 596 3248 τι
628 3186 661 3246 ὅ
696 3187 970 3264 σφέτερος
1007 3184 1182 3264 κήρυξ
1210 3185 1493 3264 σημήνειε,
1534 3184 1919 3264 παραγγέλλει

317 3279 432 3351 σφι
472 3274 608 3340 ὅταν
649 3276 878 3356 σημῄνῃ
919 3273 951 3333 ὁ
993 3273 1168 3351 κήρυξ
1200 3273 1491 3333 ποιέεσθαι
1517 3268 1765 3348 ἄριστον,
1793 3271 1920 3333 τότε
