2259 3500
308 108 398 159 178
904 104 1269 154 ἨΡΟΔΟΤΟΤ
1745 106 1900 171 [VII.

294 184 507 265 ’Ἀργος
542 210 605 245 τε
638 183 913 266 ἀγγέλους
947 182 1258 261 ὁμαιχμίην
1289 184 1743 261 συνθησομένους
1767 187 1909 263 πρὸς

304 272 403 333 τόν
436 273 688 349 Πέρσην·
732 273 824 329 καὶ
857 275 912 335 ἐς
945 272 1207 347 Σικελίην
1242 270 1453 334 ἄλλους
1482 273 1721 348 πέμπειν
1753 274 1909 351 παρὰ

304 361 533 421 Γέλωνα
547 359 646 420 τὸν
668 360 1041 435 Δεινομένεος,
1060 360 1114 422 ἔς
1131 385 1194 419 τε
1213 360 1518 437 Κέρκυραν,
1542 360 1909 426 κελεύσοντας

304 448 565 525 βοηθέειν
590 452 663 526 τῇ
686 446 943 517 Ἑλλάδι,
971 449 1063 507 καὶ
1090 452 1146 511 ἐς
1173 447 1403 525 Κρήτην
1429 448 1658 511 ἄλλους·
1701 450 1908 527 φρονή-

307 562 507 599 σαντες
548 535 599 595 εἴ
637 561 741 598 κως
783 536 841 595 ἓν
879 561 941 595 τε
978 537 1200 617 γένοιτο
1239 534 1308 597 τὸ
1350 535 1687 611 Ἑλληνικὸν
1727 538 1820 596 καὶ
1860 542 1909 597 εἰ

310 623 694 705 συγκύψαντες
733 622 911 684 τῶυτὸ
958 624 1276 702 πρήσσοιεν
1328 623 1545 693 πάντες,
1594 624 1667 687 ὥς
1721 625 1909 686 δεινῶν

310 712 571 773 ἐπιόντων
618 712 820 789 ὁμοίως
869 715 1017 771 πᾶσι
1059 712 1334 786 Ἕλλησι.
1416 710 1488 770 τσῖ
1545 712 1605 771 δὲ
1659 713 1908 777 Γέλωνος

307 800 607 881 πρήγματα
626 799 850 880 μεγάλα
872 800 1097 880 ἐλέγετο
1116 800 1270 869 εἶναι,
1293 798 1546 876 οὐδαμῶν
1564 799 1909 874 Ἑλληνικῶν

306 892 415 949 τῶν
442 888 506 948 οὗ
533 884 755 947 πὸλλὸν
779 888 944 963 μέζω.

216 978 328 1036 146
426 976 524 1039 Ὡς
576 976 636 1034 δὲ
687 974 863 1035 ταῦτα’,
916 980 1029 1051 σφι
1082 974 1252 1045 ἔδοξε,
1307 974 1757 1052 καταλυσάμενοι
1807 976 1908 1039 τοὶς

306 1063 523 1141 ἔχθρας,
566 1064 759 1139 πρῶτα
797 1064 901 1140 μὲν
942 1062 1332 1125 κατασκόπους
1383 1063 1672 1138 πέμπουσι
1711 1067 1766 1125 ἐς
1805 1062 1909 1138 τήν

306 1148 509 1226 Ἀσίην
542 1148 742 1226 ἄνδρας
773 1152 937 1225 τρεῖς·
988 1152 1041 1208 οἱ
1072 1150 1131 1208 δὲ
1162 1148 1492 1226 ἀπικόμενοί
1517 1174 1580 1208 τε
1614 1154 1670 1212 ἐς
1707 1149 1909 1228 Σάρδις

306 1239 399 1297 καὶ
427 1234 840 1312 καταμαθόντες
863 1235 966 1311 τὴν
992 1237 1270 1313 βασιλέος
1301 1236 1588 1314 στρατιὴν,
1617 1236 1687 1300 αἶς
1713 1237 1907 1297 ἐπάῖσ-

304 1352 396 1387 τοι
446 1326 715 1407 ἐγένοντο,
764 1325 1211 1399 βασανισθέντες
1256 1324 1366 1385 ὑπὸ
1416 1326 1538 1384 τῶν
1577 1330 1908 1407 στρατηγῶν

306 1418 406 1473 τοῦ
445 1413 614 1483 πεζοῦ
654 1414 899 1488 στρατοῦ
941 1410 1226 1492 ἀπήγοντο
1257 1412 1337 1475 ’ὥς
1373 1411 1760 1489 οἶπολεύμενοι·
1814 1415 1907 1474 καὶ

305 1504 459 1560 τοῖσι
496 1502 601 1577 μὲν
632 1499 989 1585 κατακέκριτο
1028 1499 1282 1563 θάνατος·
1336 1500 1547 1576 Ξέρξης
1581 1501 1642 1560 δὲ
1677 1528 1748 1564 ως
1780 1501 1905 1560 ἐπύ-

308 1588 437 1649 θετο
466 1590 655 1660 ταῦτα,
694 1578 973 1663 μεμφθεὶς
1006 1590 1117 1647 τῶν
1164 1590 1493 1667 στρατηγῶν
1521 1586 1624 1664 τὴν
1664 1614 1901 1668 γνωμην,

306 1677 515 1755 πέμπει
538 1701 649 1735 των
674 1701 825 1737 τινας
857 1674 1196 1753 δορυφόρων,
1227 1672 1683 1752 ἐντειλάμενος,
1648 1702 1718 1752 ην
1744 1701 1906 1735 κατα-

306 1765 539 1843 λάβωσι
563 1791 694 1829 τους
715 1763 1102 1827 κατασκόπους
1122 1762 1399 1834 ζῶντας,”
1363 1789 1518 1844 αγειν
1537 1761 1667 1840 παρ’
1689 1764 1904 1825 ἑωυτόν·

310 1852 381 1916 ὦς
412 1854 472 1912 δὲ
508 1855 587 1912 ἔτι
622 1851 939 1930 περιεόντας
970 1849 1172 1914 αὐτοῦς
1208 1853 1528 1928 κατέλαβον
1560 1853 1652 1910 καὶ
1685 1849 1826 1933 ἦγον
1851 1857 1907 1916 ἐς

306 1939 439 2018 ὄψιν
468 1939 571 2015 τὴν
603 1940 895 2016 βασιλέος,
940 1938 1005 1998 τό
1047 1940 1312 2009 ἐνθεῦτεν,
1345 1939 1652 2022 πυθόμενος
1678 1939 1762 1998 ἐπ’
1790 1940 1907 2001 οἷσι

305 2027 502 2105 ἦλθον,
536 2027 756 2085 ἐκέλευέ
780 2032 963 2102 σφεας
998 2025 1129 2090 τούς
1165 2026 1508 2103 δορυφόρους
1542 2027 1907 2108 περιάγοντας

307 2114 715 2174 ἐπιδείκνυσθαι
739 2113 923 2172 πάντα
961 2139 1023 2173 τε
1062 2112 1163 2173 τόν
1201 2111 1370 2184 πεζόν
1406 2113 1650 2191 στρατόν
1682 2115 1774 2173 καὶ
1805 2115 1908 2190 τὴν

312 2203 499 2259 ἵππον·
564 2200 730 2261 ἐπεοῖν
784 2201 843 2260 δὲ
895 2205 1069 2261 ταῦτα
1124 2200 1416 2278 θηεύμενοι
1470 2204 1600 2261 ἔωσι
1651 2201 1907 2279 πλήρεες,

310 2287 660 2364 ἀποπέμπειν
688 2293 743 2351 ἐς
766 2287 870 2364 τὴν
897 2284 965 2349 ἂν
992 2287 1151 2348 αὐτοὶ
1179 2289 1417 2348 ἐθέλωσι
1453 2290 1640 2368 χώρην
1665 2289 1907 2352 ἀσινέας.

221 2377 330 2438 147
348 2375 659 2455 Ἐπιλέγων
684 2377 744 2435 δὲ
769 2375 870 2436 τόν
895 2375 1073 2458 λόγον
1098 2376 1258 2437 τόνδε
1281 2381 1456 2437 ταῦτα
1478 2378 1814 2446 ἐνετέλλετο,
1842 2376 1912 2440 ὦς

312 2467 360 2522 εἶ
396 2465 499 2538 μὲν
540 2463 831 2524 ἀπώλοντο
866 2468 919 2523 οἱ
952 2464 1321 2535 κατάσκοποι,
1351 2464 1475 2524 οὔτε
1507 2464 1575 2526 ἂν
1607 2491 1678 2524 τα
1712 2466 1912 2524 ἑωυτοῦ

310 2550 614 2631 πρήγματα
660 2551 1043 2629 προεπύθοπο
1099 2579 1154 2611 οι
1197 2551 1478 2628 Ελληνες
1529 2553 1691 2614 ἐόντα
1735 2551 1914 2633 λόγου

311 2639 473 2715 μέζω,
525 2636 635 2697 ουτ“
691 2663 759 2698 αν
811 2665 865 2699 τι
918 2665 1049 2703 τους
1100 2640 1409 2717 πολεμίους
1460 2642 1608 2722 μέγα
1661 2641 1916 2700 ἐσινέατο

312 2725 510 2803 ἄνδρας
537 2731 684 2803 τρεῖς
719 2725 1121 2790 ἀπολέσαντες·
1177 2727 1571 2802 νοστησάντων
1611 2729 1670 2786 δὲ
1708 2727 1917 2786 τούτων

314 2818 369 2876 ἐς
418 2812 521 2889 τὴν
572 2812 844 2883 Ἑλλάδα,
900 2815 1107 2874 δοκέειν
1164 2817 1320 2896 (ἔφη)
1377 2814 1724 2877 ἀκούσαντας
1788 2810 1918 2874 τούς

306 2899 595 2976 Ἕλληνας
624 2902 697 2961 ταῖ
725 2904 925 2961 ἑωυτοῦ
952 2900 1276 2982 πρήγματα,
1301 2902 1411 2979 πρό
1447 2907 1548 2962 τοῦ
1575 2901 1791 2962 στόλου
1817 2902 1916 2958 τοῦ

312 2989 604 3068 γινομένου
644 2987 996 3065 παραδώσειν
1036 2990 1221 3064 σφέας
1260 2989 1363 3064 τήν
1405 2989 1543 3065 ἰδίην
1583 2987 1917 3065 ἐλευθερίην,

316 3074 408 3132 καὶ
448 3074 589 3135 οὕτω
629 3075 753 3135 οὐδὲ
790 3075 1010 3152 δεήσειν
1044 3075 1127 3134 ἐπ’
1175 3076 1372 3140 αυτοῦς
1405 3079 1922 3155 στρατηλατέοντας

313 3160 619 3240 ’πρήγματα
660 3167 824 3243 ἔχειν.
909 3165 1025 3224 οἶκε
1064 3163 1123 3222 δὲ
1167 3163 1340 3223 αυτοῦ
1379 3191 1520 3242 αυτη
1556 3165 1595 3242 ἦ
1629 3164 1824 3246 γνώμη
1849 3165 1922 3238 τῇ

314 3269 385 3323 Ὺε
418 3245 590 3324 ἄλλῃ
639 3249 743 3310 ⁶²th
777 3277 890 3330 ’γαρ
928 3256 986 3309 ἓν
1018 3249 1314 3329 'Asszffim‘
1281 3278 1313 3310 ο
1351 3251 1576 3330 Ξέρξης,
1607 3251 1718 3312 εἶδε
1743 3251 1921 3310 πλοῖα
