2259 3500
364 118 648 184 228—233]
977 114 1349 165 IIOATMNIA.
1862 116 1959 163 215

363 198 541 260 σόντα
569 202 624 261 ἐς
656 196 758 257 τᾶν
793 196 998 274 ὅμιλον
1027 195 1425 273 διαφθαρῆναι·
1464 194 1875 272 Ἀριστόδημον
1900 195 1961 255 δὲ

361 285 810 364 λειποψυχέοντα
859 285 1177 361 λειφθῆναι.
1266 285 1313 341 εἶ
1364 283 1469 361 μέν
1512 308 1609 343 νυν
1648 280 1718 358 ἦν
1756 286 1963 359 μοῦνον

362 371 774 450 Ἀριστόδημον
795 369 1545 452 οἷλγήσανταρῖπονοστῆσαι
1568 375 1623 432 ε’ς
1644 370 1909 446 Σπάρτην
1925 368 1963 447 ἢ

363 461 456 519 καὶ
491 459 635 537 ὁμοῦ
672 461 865 535 σφέων
903 459 1237 537 ἀμφοτέρων
1276 458 1380 533 τήν
1422 456 1653 533 κομιδήν
1682 458 1963 539 γενέσθαι,

364 548 572 609 δοκέειν
599 549 740 625 ἐμοὶ,
767 547 868 607 οὔκ
895 545 963 609 ἄν
983 553 1096 622 σφι
1127 545 1479 622 Σπαρτιήτας
1510 548 1678 621 μῆνιν
1706 544 1967 621 οὐδεμίαν

363 637 740 714 προσθέσθαι·
807 636 926 696 νυνὶ
967 636 1044 704 δὲ,
1083 637 1185 694 τοῦ
1229 637 1335 711 μὲν
1374 632 1553 693 αὐτῶν
1592 632 1963 710 ἀπολομένου,

364 728 466 783 τοῦ
493 724 552 782 δὲ
577 727 678 800 τῆς
695 726 800 799 μὲν
818 722 990 799 αὖτῆς
1015 723 1282 800 ἐχομένου
1302 720 1625 798 προφάσιος
1652 721 1753 781 οὖκ
1775 722 1963 797 ἐθελή-

368 836 572 873 σαντος
592 811 652 869 δὲ
671 809 1064 885 ἀποθνήσκειν,
1085 807 1393 890 ἀναγκαίως
1420 815 1534 885 σφι
1560 810 1705 887 ἔχειν
1730 809 1965 886 μηνίσαι

366 896 624 979 μεγάλως
647 896 1054 978 Ἀριστοδήμῳ.
1138 901 1213 957 Οἱ
1246 897 1351 974 μέν
1382 924 1477 957 νυν
1510 896 1649 956 οὕτω
1676 898 1925 971 σωθῆναι
1942 900 2061 958 230

368 986 604 1067 λέγουσι
623 984 1035 1062 Ἀριστόδημον
1061 991 1117 1049 ἐς
1140 985 1416 1062 Σπάρτην,
1438 986 1535 1056 ,καὶ
1562 984 1653 1044 διὰ
1671 984 1965 1062 πρόφασιν

367 1072 601 1149 τοιήνδε·
646 1076 700 1132 οἱ
739 1073 800 1132 δὲ
837 1069 1084 1154 ἄγγελον
1123 1073 1456 1149 πεμφθέντα
1490 1078 1549 1133 ἐκ
1588 1076 1690 1132 τοῦ
1730 1098 1966 1151 στρατο-

367 1161 550 1236 πέδου,
585 1161 738 1232 ἔξεον
769 1160 917 1240 αὐτῷ
943 1163 1289 1238 καταλαβεῖν
1316 1161 1421 1236 τὴν
1444 1161 1634 1240 μάχην
1653 1162 1962 1242 γινομένην,

370 1249 468 1308 οὔκ
508 1251 781 1326 ε’θελῆσαι
823 1248 952 1309 ἀλλ’
989 1248 1363 1325 ὑπομείναντα
1396 1254 1455 1308 ἐν
1493 1252 1565 1328 τῇ
1603 1248 1712 1329 ὁδῷ
1749 1275 1965 1332 περιγε-

369 1336 582 1398 νέσθαι·
623 1337 718 1398 τόν
752 1337 814 1395 δὲ
845 1335 1198 1416 συναγγελον
1225 1335 1397 1397 αὐτοῦ
1422 1335 1757 1413 α’,πικόμενον
1784 1343 1839 1400 ἐς
1864 1338 1967 1414 τήν

369 1423 556 1503 μάχην
597 1423 916 1485 ἀποθανεῖν.
995 1423 1427 1499 Ἀπονοστήσας
1466 1425 1525 1483 δε
1567 1430 1621 1487 ἐς
1661 1425 1925 1484 Λακεδαί-
1946 1427 2057 1485 231

370 1537 516 1586 μονα
557 1540 588 1571 ο
629 1511 1072 1590 Ἀριστόδημος·
1084 1509 1293 1575 ὄνειδός
1330 1536 1393 1570 τε
1437 1511 1552 1590 εἶχε
1594 1512 1687 1570 καὶ
1727 1502 1966 1589 ἀτιμίην,

373 1597 609 1677 πάσχων
635 1600 694 1658 δὲ
719 1599 967 1659 τοιάδε’
931 1600 1194 1675 ητίμωτο·
1243 1598 1369 1659 οὔτε
1394 1601 1451 1659 οἱ
1474 1604 1585 1676 πῦρ
1615 1598 1843 1662 officis-'¹
1815 1626 1970 1660 εναυε

375 1686 761 1764 Σπαρτιητέων
805 1685 948 1747 οὔτε
1013 1686 1312 1767 διελέγετο,
1380 1685 1586 1749 ὄνειδός
1638 1712 1700 1745 τε
1765 1686 1881 1767 εἶχε
1934 1687 1967 1747 ὅ

373 1775 574 1850 τρέσας
597 1774 1004 1852 Ἀριστόδημος
1040 1774 1396 1852 καλεόμενος·
1438 1774 1569 1834 ἀλλ’
1601 1773 1633 1835 ὁ
1669 1776 1774 1852 μὲν
1806 1781 1864 1835 ἐν
1896 1781 1970 1855 τῇ

377 1865 434 1920 ε’ν
486 1867 817 1942 Πλαταιῇσι
867 1863 1026 1942 μάχῃ
1076 1863 1327 1940 ἀνέλαβε
1366 1867 1558 1922 πᾶσαν
1610 1862 1713 1938 τὴν
1756 1868 1969 1943 ἐπενεχ-

375 1948 569 2010 θεῖσάν
596 1952 652 2010 οἶ
677 1953 876 2028 αἰτίην.
956 1952 1195 2033 Λέγεται
1222 1952 1283 2010 δὲ
1308 1949 1399 2009 καὶ
1424 1949 1605 2010 ἄλλον
1631 1951 1929 2028 α’ποπεμφ-
1946 1955 2065 2013 232

375 2039 539 2100 θέντα
565 2038 812 2122 ἄγγελον
839 2044 894 2101 ἐς
920 2040 1251 2116 Θεσσαλίην
1273 2041 1385 2102 τῶν
1408 2041 1741 2116 τριηκοσίων
1767 2039 1972 2102 τούτων

371 2129 780 2209 περιγενέσθαι,
820 2130 900 2205 τῷ
951 2126 1161 2205 οὕνομα
1208 2128 1347 2188 εἶναι
1386 2128 1690 2204 Παντίτην·
1774 2127 1975 2205 νοστή-

375 2242 556 2276 σαντα
596 2219 656 2278 δὲ
693 2220 895 2279 τοῦτον
936 2221 993 2280 ἐς
1035 2215 1317 2294 Σπάρτην,
1374 2214 1447 2280 ὥς
1484 2215 1746 2293 ἠτίμωτο,
1791 2216 1967 2298 ἀπάγ-

375 2303 601 2371 ξασθαι.

460 2392 535 2450 Οἷ
574 2391 634 2449 δὲ
673 2392 937 2466 Θηβαῖοι,
977 2393 1088 2450 τῶν
1128 2391 1161 2451 ὁ
1200 2390 1538 2468 Λεοντιάδης
1579 2391 1932 2472 ἐστρατήγεε,
1951 2393 2070 2458 233

375 2476 508 2538 τέως
545 2479 650 2552 μὲν
685 2477 832 2554 μετὰ
868 2482 977 2539 τῶν
1017 2478 1305 2554 Ἑλλήνων
1346 2478 1525 2542 ἐόντες
1566 2478 1842 2556 ἐμάχοντο
1882 2479 1974 2538 ὕπ’

379 2561 678 2645 οἷναγκαίης
718 2564 976 2646 ἐχόμενοι
1020 2565 1161 2642 πρὸς
1213 2566 1316 2642 τὴν
1355 2565 1633 2643 βασιλέος
1689 2565 1977 2643 στρατιήν·

380 2650 452 2715 ὥς
475 2653 536 2711 δὲ
563 2652 708 2714 εἶδον
737 2654 1112 2731 κατυπέρτερα
1142 2657 1253 2713 τῶν
1292 2653 1559 2730 Περσέων
1596 2653 1863 2734 γινόμενα
1901 2653 1975 2712 τοὶ

377 2739 698 2821 πρήγματα,
751 2741 892 2802 οὕτω
945 2740 1014 2818 δὴ
1066 2745 1177 2802 τῶν
1235 2741 1345 2802 σῦν
1390 2741 1635 2818 Λεωνίδῃ
1688 2738 1979 2816 Ἑλλήνιον

380 2830 746 2908 ἐπειγομένων
786 2831 878 2890 ἐπὶ
915 2828 1016 2890 τόν
1062 2829 1327 2900 κολωνὸν,
1370 2828 1815 2907 ἀποσχισθέντες
1853 2827 1977 2887 τού-

375 2940 501 2985 των,
549 2917 740 2994 χεῖράς
784 2943 846 2977 τε
899 2919 1216 2996 προέτεινον
1264 2918 1355 2976 καὶ
1407 2915 1581 2992 ἤϊσαν
1634 2914 1821 2975 ἆσσον
1870 2919 1979 2976 τῶν

377 3003 707 3082 βαρβάρων,
754 3007 1012 3087 λέγοντες
1049 3003 1151 3065 τᾶν
1198 3006 1587 3081 ἀληθέστατον
1624 3006 1736 3062 τῶν
1774 3001 1973 3083 λόγων,

381 3088 452 3152 ὥς
492 3092 585 3150 καὶ
623 3093 920 3168 μηδίζουσι
949 3093 1042 3151 καὶ
1079 3097 1189 3173 γῆν
1218 3119 1281 3153 τε
1314 3093 1407 3151 καὶ
1442 3093 1583 3168 ὕδωρ
1616 3095 1675 3151 ἐν
1706 3091 1979 3168 πρώτοισι

379 3177 581 3241 ἔδοσαν
605 3179 865 3258 βασιλέϊ,
890 3181 1002 3242 &aa
1041 3181 1101 3239 δὲ
1136 3179 1438 3263 ἀναγκαίης
1470 3179 1727 3257 ἐχόμενοι
1763 3184 1817 3242 ἐς
1842 3184 1979 3258 Θερ-

373 3265 638 3340 μοπύλας
671 3269 980 3342 ἀπικοίατο,
1012 3267 1106 3327 καὶ
1142 3267 1379 3328 ἀναίτιοι
1415 3266 1523 3326 εἷεν
1557 3269 1659 3326 τοῦ
1693 3265 1981 3344 τρώματος
