2259 3500
284 94 380 140 :522
888 89 1266 163 jflPOAomooe
1754 87 1883 154 [1212

281 171 393 252 γὰρ
417 174 497 250 τῷ
523 173 684 248 κοινῷ
710 169 802 228 καὶ
838 169 1198 246 ἐμηδίσαμεν,
1229 165 1356 226 οὐδὲ
1378 170 1578 244 μοῦνοι
1606 166 1793 245 ἡμέες·
1834 173 1885 228 εἰ

282 257 343 318 δὲ
393 257 579 334 ἡμέων
638 256 890 369 ἀληθέως
949 255 1199 332 δεόμενοι
1256 255 1671 332 πολιορκέουσι,
1724 255 1887 333 ἡμεῖς

278 345 454 420 ημέας
486 342 685 408 αὐτους
721 348 776 407 ἐς
817 342 1141 425 αντιλογίην
1172 342 1535 420 παρέξομενῗ
1616 340 1793 420 κάρτα
1822 371 1887 404 τε

285 430 513 502 ἔδοξε’
455 458 515 491 ευ
539 433 741 512 λέγειν,
772 432 863 491 καὶ
891 437 946 495 ἐς
973 432 1181 508 καιρόν·
1222 430 1417 490 αὐτίκα
1442 456 1504 490 τε
1530 431 1885 508 ἐπεκηρυκεῦ

285 545 414 580 οντο
440 519 580 596 πρός
605 520 936 595 Παυσανίην
962 522 1016 578 οἱ
1041 520 1305 595 Θηβαῖοι,
1336 518 1591 581 θέλοντες
1617 517 1889 578 ἐκδιδόναι

191 609 268 667 88
284 632 413 669 τους
465 605 682 684 ἄνδρας.
764 607 860 670 Ὡς
913 606 972 665 δὲ
1027 605 1407 685 ὦμολόγησαν
1471 606 1564 665 ἐπὶ
1615 604 1885 676 τούτοισι,

283 693 608 777 Ἀτταγῖνος
632 697 736 770 μὲν
764 693 1106 770 ἐκδιδρήσκει
1134 698 1194 752 ἐκ
1213 696 1313 752 τοῦ
1340 691 1559 756 ἄστεος·
1600 693 1801 768 παῖδας
1826 694 1887 752 δὲ

287 780 456 842 αὐτοῦ
496 781 846 860 ἀπαχθέντας
886 781 1215 856 Παυσανίης
1254 778 1509 840 ἀπέλυσε
1546 785 1647 856 τῆς
1694 782 1886 856 αἰτίης,

287 870 401 946 φσῖς
437 874 539 930 τοῦ
577 869 865 947 μηδισμοῦ
909 868 1110 931 παῖδας
1164 865 1322 927 οὐδὲν
1367 867 1505 928 εἶναι
1556 868 1887 946 μεταιτίους·

286 984 415 1021 τους
441 958 500 1017 δὲ
527 955 736 1020 ἅλλους
769 955 967 1034 ανδρας
1004 982 1136 1018 τους
1170 955 1434 1025 ἐξέδοσαν
1464 982 1517 1014 οι
1543 958 1805 1032 Θηβαῖοι,
1832 958 1890 1016 οἳ,

285 1047 390 1121 μὲν
416 1043 633 1105 ἐδόκεον
658 1044 977 1125 ἀντιλογίης
1011 1069 1073 1103 τε
1109 1042 1389 1120 κυρήσειν,
1418 1044 1510 1102 καὶ
1536 1042 1604 1118 δὴ
1629 1043 1888 1133 χρήμασι

289 1133 661 1191 ἐπεποίθεσαν
701 1131 1045 1190 διωθέεσθαι·
1107 1131 1142 1190 ὁ
1182 1131 1242 1190 δὲ
1282 1131 1353 1193 ὥς
1392 1132 1705 1208 παρέλαβε,
1747 1129 1888 1190 αὕτα

286 1222 462 1278 ταῦτα
500 1216 793 1286 ὑπονοέων,
833 1216 938 1292 τήν
978 1216 1249 1294 στρατιὴν
1286 1218 1390 1294 τήν
1426 1245 1537 1279 των
1576 1218 1890 1298 συμμάχων

289 1303 517 1376 ἅπασαν
569 1303 767 1382 ἅπῆκε,
823 1304 914 1364 καὶ
969 1305 1206 1368 ἐκείνους
1252 1303 1477 1386 ἅγαγιόν
1516 1311 1572 1369 ἐς
1613 1305 1890 1384 Κόρινθον

291 1392 587 1470 διέφθειρε.
667 1397 844 1454 ταῦτα
868 1393 973 1470 μὲν
995 1391 1068 1452 τιὶ
1095 1397 1154 1452 ἐν
1181 1397 1511 1472 Πλαταιῇσι
1537 1394 1628 1452 καὶ
1655 1392 1890 1473 Θήβῃσι

290 1480 578 1562 γενόμενα.

198 1570 273 1628 89
371 1567 721 1646 Ἀρτάβαζος
747 1569 806 1628 δὲ
831 1570 865 1630 ὁ
890 1569 1204 1648 Φαρνάκεος
1231 1568 1453 1650 φεύγων
1479 1575 1541 1628 ἐκ
1559 1570 1892 1630 Πλαταιέων

294 1655 388 1715 καὶ
433 1656 502 1732 δή
556 1657 649 1716 καὶ
687 1657 885 1733 πρόσω
925 1659 1155 1739 ἐγίνετο·
1224 1655 1561 1734 ἀπικόμενον
1601 1657 1664 1716 δέ
1698 1683 1797 1735 μιν
1836 1659 1892 1717 οἱ

293 1745 590 1805 Θεσσαλοὶ
633 1743 786 1822 παρὰ
831 1746 1017 1822 σφέας
1069 1745 1167 1805 ἐπί
1200 1771 1263 1805 τε
1302 1745 1473 1815 ξείνια
1513 1744 1758 1816 ἐκάλεον,
1800 1745 1893 1805 καὶ

294 1831 616 1911 ἅνειρῶτευν
675 1834 804 1910 περὶ
855 1837 956 1909 τῆς
1007 1838 1275 1911 στρατιῆς
1325 1836 1425 1908 τῆς
1483 1832 1681 1909 ἄλλης,
1736 1832 1895 1893 οὐδὲν

295 1920 656 1998 ἐπιστάμενοι
704 1924 816 1981 τῶν
869 1923 928 1979 ἐν
980 1925 1315 1999 Πλαταιῇσι
1366 1921 1691 2001 γενομένων·
1747 1919 1781 1980 ὅ
1832 1920 1895 1979 δὲ

292 2007 662 2085 Ἀρτάβαζος,
713 2006 878 2088 γνοῦς
930 2007 1016 2067 ὅτι
1070 2012 1119 2067 εἴ.
1172 2009 1356 2067 ἐθέλοι
1396 2014 1509 2084 σφι
1554 2012 1747 2068 πᾶσαν
1790 2008 1895 2083 τὴν

294 2094 571 2171 οἷληθηΐην
609 2096 720 2154 τῶν
759 2091 984 2174 οἷγῶνων
1023 2098 1212 2164 εἰπεῖν,
1254 2094 1421 2159 αὐτός
1456 2122 1521 2156 τε
1561 2094 1897 2155 κινδυνεύσει

293 2182 614 2241 ἀπολέσθαι
656 2182 747 2239 καὶ
787 2181 819 2241 ὁ
858 2181 977 2259 μετ’
1009 2182 1181 2243 αὐτοῦ
1220 2184 1479 2260 στρατός·
1522 2174 1895 2259 ἐπιθήσεσθαι

294 2268 404 2351 γάρ
433 2272 486 2327 οἱ
513 2266 696 2329 πάντα
718 2268 842 2329 τινὰ
879 2271 1024 2331 οἴετο
1055 2271 1468 2347 πυνθανόμενον
1499 2271 1572 2331 τοὶ
1602 2271 1894 2353 γεγονότα·

296 2360 472 2416 ταῦτα
499 2356 934 2438 ἐκλογιζόμενος,
964 2358 1089 2419 οὔτε
1117 2359 1258 2436 πρὸς
1287 2359 1416 2422 τούς
1447 2361 1668 2422 Φωκέας
1707 2359 1896 2439 ἐξαγό-

293 2470 419 2522 ρευε
468 2444 641 2516 οὐδὲν,
687 2446 828 2523 πρός
867 2471 931 2506 τε
974 2446 1104 2510 τούς
1151 2446 1483 2511 Θεσσαλοῦς
1536 2448 1696 2528 ἔλεγε
1745 2446 1896 2506 τάδε·

297 2542 334 2568 “
350 2533 456 2615 ε’γιό
488 2535 607 2611 μὲν,
638 2533 681 2593 ὦ
717 2532 908 2610 ἄνδρες
939 2534 1250 2607 Θεσσαλοὶ,
1282 2534 1354 2598 ὥς
1382 2534 1566 2611 ὁρᾶτε,
1606 2533 1903 2615 ἐπείγομαί

294 2646 358 2681 τε
385 2622 526 2682 κατὰ
549 2621 654 2697 τήν
678 2622 954 2699 ταχίστην
981 2625 1122 2681 ἐλῶν
1150 2626 1206 2685 ἐς
1236 2622 1497 2699 Θρηίκην,
1527 2623 1619 2681 καὶ
1644 2621 1901 2697 σπουδήν

298 2709 404 2787 ἔχω
442 2710 719 2787 πεμφθεὶς
758 2708 900 2768 κατά
937 2734 994 2767 τι
1033 2713 1271 2788 πρῆγμα
1298 2714 1360 2768 ἐκ
1383 2714 1484 2769 τοῦ
1516 2709 1901 2786 στρατοπέδου

298 2796 442 2872 μετὰ
465 2796 653 2856 τῶνδε·
695 2795 860 2858 αὖτός
885 2794 944 2853 δὲ
969 2795 1100 2872 ὖμῖν
1126 2795 1443 2872 Μαρδόνιος
1480 2797 1571 2853 καὶ
1597 2795 1630 2855 ὁ
1658 2795 1902 2872 στρατὸς
1960 2815 1974 2829 “

300 2882 486 2952 αὐτοῦ,
514 2881 675 2946 οὗτος
701 2882 840 2941 κατὰ
865 2881 1039 2944 πόδας
1076 2886 1208 2957 ἐμεῦ
1249 2882 1491 2941 ἐλαύνων
1521 2881 1901 2959 προσδόκιμός

300 2974 441 3027 ἐστι·
474 2970 673 3028 τοῦτον
698 2968 789 3026 καὶ
815 2968 1067 3037 ξεινίζετε
1095 2968 1189 3025 καὶ
1217 2966 1275 3025 εὖ
1300 2972 1581 3031 ποιεῦντες
1607 2970 1900 3043 φαίνεσθε·

301 3053 364 3113 οὗ
389 3054 499 3134 γὰρ
525 3054 656 3129 ὑμῖν
684 3058 738 3115 ἐς
762 3052 966 3131 χρόνον
996 3057 1172 3112 ταῦτα
1207 3058 1431 3113 ποιεῦσι
1465 3052 1901 3131 μεταμελήσει.”

297 3143 476 3198 ταῦτα
505 3140 565 3198 δὲ
595 3140 770 3219 εἶπας,
798 3138 1079 3199 ἀπέλαυνε
1119 3140 1342 3218 σπουδῇ
1372 3140 1475 3216 τήν
1506 3140 1779 3216 στρατιήν
1810 3139 1902 3199 διὰ

301 3226 626 3299 Θεσσαλίης
656 3250 722 3284 τε
756 3226 850 3283 καὶ
890 3225 1239 3299 Μακεδονίης
1282 3225 1371 3285 ἶθῦ
1404 3228 1505 3299 τ’ἣς
1536 3226 1795 3301 Θρηίκης,
1828 3224 1903 3287 ὥς
