2259 3500
297 109 360 158 16
899 107 1263 168 τΗΡοΔοτοΤ
1294 129 1302 138 -
1701 133 1705 138 -
1807 109 1895 176 [V.

292 187 674 270 Ἀρισταγόρῃ
715 189 776 248 δὲ
805 189 1112 250 συνέπιπτε
1141 191 1245 247 τοῦ
1281 186 1451 248 αὐτοῦ
1481 185 1703 267 χρόνου
1718 189 1904 252 πάντα

293 280 468 337 ταῦτα
503 275 871 337 συνελθόντα.
957 275 1292 352 ἐβουλεύετο
1336 274 1409 336 ὧν
1443 276 1587 352 μετὰ
1620 280 1731 338 τῶν
1766 304 1903 338 στα-

295 366 553 434 σιωτέων,
577 363 819 441 ἐκφήνας
844 363 948 439 τήν
967 390 1029 423 τε
1058 367 1259 423 ἑωυτοῦ
1285 363 1509 445 γνώμην
1532 365 1623 423 καὶ
1649 365 1722 424 τοὶ
1748 367 1901 443 παραὶ

290 454 391 511 τοῦ
438 451 706 511 Ἱστιαίου
754 451 1051 532 ἀπιγμένα·
1109 455 1163 510 οἱ
1209 453 1313 528 ’μὲν
1362 451 1429 526 δή
1481 450 1652 511 ἄλλοι
1697 453 1902 518 πάντες

289 538 517 619 γνώμην
565 538 705 599 κατὰ
745 539 923 599 τῶυτό
974 539 1321 616 ἐξεφέροντο,
1365 538 1685 602 κελεύοντες
1729 541 1899 602 οἷπίσ-

289 629 518 688 τασθαι·
569 627 862 691 Ἑκαταῖος
903 626 962 685 δὲ
1002 625 1034 686 ὅ
1075 625 1382 707 λογοποιὸς
1420 630 1615 703 πρῶτα
1654 630 1758 704 μὲν
1796 629 1897 689 οὔκ

291 716 354 773 ἔα
411 715 665 791 πόλεμον
720 715 986 790 βασιλέϊ·
1023 717 1132 774 τῶν
1192 714 1461 790 Περσέων
1521 712 1895 792 ἀναιρέεσθαι,

290 804 611 885 καταλέγων
636 801 708 862 τά
738 828 801 862 τε
833 803 990 862 ἔθνεα
1018 801 1203 862 πάντα
1228 805 1338 861 τῶν
1364 799 1503 880 ἦρχε
1532 806 1769 880 Δαρεῖος
1803 806 1896 864 καὶ

285 890 388 965 τήν
429 891 659 969 δύναμιν
701 889 890 950 αὐτοῦ·
934 891 1060 948 ἐπεί
1095 915 1158 948 τε
1200 890 1260 948 δὲ
1282 887 1399 948 ὀύκ
1439 890 1637 960 ἔπειθε,
1669 890 1895 968 δεύτερα

287 978 664 1055 συνεβούλευε
696 978 904 1038 ποιέειν
939 976 1078 1040 ὅκως
1110 976 1436 1053 ναυκράτεες
1460 982 1562 1053 τῆς
1594 978 1895 1054 θαλάσσης

287 1066 529 1126 ἔσονται·
573 1065 762 1128 ἄλλως
792 1066 897 1142 μέν
927 1091 1023 1126 νυν
1055 1065 1311 1142 οὐδαμῶς
1348 1066 1458 1141 ἔφη
1485 1065 1683 1146 λέγων’
1699 1071 1894 1144 ἐνορᾶν

264 1153 556 1230 ,ἐσόμενον
592 1157 780 1214 τοῦτο·
830 1152 1177 1214 ἐπίστασθαι
1215 1152 1327 1233 γσῖρ
1375 1152 1479 1227 τὴν
1521 1151 1750 1229 δύναμιν
1788 1154 1894 1230 τήν

283 1243 642 1319 Μιλησίων’
617 1244 822 1304 εοῦσαν
847 1240 1108 1302 ἀσθενέα·
1154 1243 1201 1298 εἰ
1228 1241 1288 1299 δὲ
1313 1240 1385 1300 τοὶ
1416 1239 1681 1318 χρήματα
1706 1267 1891 1301 καται-

279 1329 471 1408 ’ρεθείη
489 1328 561 1389 τοὶ
590 1334 652 1388 ἐκ
675 1333 778 1389 τοῦ
807 1332 927 1406 ἱροῦ
947 1332 1047 1389 τοῦ
1073 1333 1131 1388 ἐν
1158 1328 1515 1410 Βραγχίδῃσι
1538 1353 1611 1388 τα
1639 1332 1891 1406 Κροῖσος

236 1416 242 1425 ²
284 1416 316 1476 ὁ
343 1418 525 1481 Λυδὰς
558 1416 805 1493 ἀνέθηκε,
833 1417 1056 1480 πολλας
1090 1415 1205 1494 εἶχε
1232 1416 1519 1478 ἐλπίδας’
1493 1414 1887 1493 επικρατήσειν

281 1509 382 1581 τῆς
423 1505 742 1581 θαλάσσης·
793 1505 886 1564 καὶ
927 1503 1068 1564 οὕτω
1109 1501 1317 1567 αὐτούς
1347 1529 1412 1563 τε
1453 1503 1592 1572 ἕξειν
1630 1501 1891 1582 χρήμασι

279 1594 532 1671 χρᾶσθαι
559 1593 650 1652 καὶ
681 1592 810 1656 τούς
843 1593 1149 1670 πολεμίους
1186 1591 1250 1651 ού
1284 1591 1560 1667 συλήσειν
1588 1591 1749 1652 αὖτᾶζ
1816 1591 1888 1652 τσῖ

281 1681 346 1753 δὲι
369 1680 636 1762 χρήματα
665 1679 736 1759 ἦν
766 1684 944 1742 ταῦτα
977 1679 1221 1762 μεγάλα,
1250 1679 1321 1742 ὥς
1358 1679 1664 1756 δεδήλωται
1696 1706 1795 1759 μοι
1831 1687 1889 1741 ἐν

277 1774 354 1849 τῷ
391 1769 592 1850 πρώτῳ
631 1774 739 1831 τῶν
778 1770 984 1850 λόγων.
1067 1768 1208 1844 αὕτη
1250 1769 1355 1845 μὲν
1399 1767 1467 1842 δὴ
1511 1767 1610 1826 οὐκ
1661 1769 1811 1827 ἐνίκα
1849 1769 1887 1844 ἦ

275 1858 486 1938 γνώμη·
542 1858 724 1917 ἐδόκεε
765 1857 825 1915 δὲ
865 1856 1013 1933 ὅμως
1053 1854 1425 1925 α’πίστασθαι,
1472 1854 1567 1914 ἕνα
1605 1879 1667 1914 τε
1709 1854 1888 1915 αὐτῶν

279 1945 590 2005 πλώσαντα
631 1950 685 2007 ἐς
726 1947 993 2003 Μυοῦντα
1035 1947 1090 2006 ἐς
1128 1943 1196 2003 τὰ
1237 1942 1619 2020 στρατόπεδον
1661 1941 1729 2003 τό
1771 1942 1885 2003 «ivd

274 2035 378 2107 τῆς
403 2032 598 2101 Νάξου
625 2030 892 2102 ἅπελθόν,
915 2032 1007 2092 ε’ὁν
1034 2032 1289 2102 ἐνθαῦτα,
1310 2030 1744 2107 συλλαμβάνειν
1769 2056 1884 2089 πει-

275 2120 488 2198 ρὰἶσθαι
517 2119 649 2181 τούς
680 2119 771 2179 ἐπὶ
800 2123 912 2179 τῶν
945 2124 1080 2181 νεῶν
1115 2121 1484 2182 ἐπιπλέοντας
1516 2117 1884 2199 στρατηγούς.

186 2208 258 2268 37
276 2206 779 2283 Ἀποπεμφθέντος
805 2207 864 2267 δὲ
887 2206 1257 2288 Ἰητραγόρεω
1285 2206 1402 2266 κατ’
1426 2206 1561 2266 αὐτὰ
1587 2210 1770 2277 τοῦτο,
1792 2207 1887 2267 καὶ

277 2295 677 2372 συλλαβόντος
718 2295 866 2375 δόλῳ
900 2295 1170 2356 Ὀλίατον
1208 2294 1541 2372 Ἰβανώλιος
1582 2294 1884 2366 Μυλασέα,

280 2384 372 2441 καὶ
385 2382 654 2443 Ἱστιαῖον
669 2383 895 2460 Τύμνεω
912 2384 1211 2461 Τερμερέα,
1232 2383 1323 2441 καὶ
1340 2381 1511 2457 Κώην
1525 2381 1884 2459 Ἐρξάνδρεω,

275 2473 354 2549 τῷ
374 2474 610 2547 Δαρεῖος
636 2470 970 2546 Μυτιλήνην
991 2468 1329 2546 ἐδωρήσατο,
1353 2469 1446 2527 καὶ
1470 2468 1886 2551 Ἀρισταγόρην

274 2557 652 2635 Ἡρακλείδεω
686 2562 962 2636 Κυμαῖον,
992 2558 1085 2616 καὶ
1115 2554 1327 2617 ἄλλους
1360 2555 1619 2633 συχνοῦς,
1648 2555 1789 2615 οὕτω
1816 2555 1885 2631 δή

277 2650 337 2704 ἐκ
363 2648 464 2705 τοῦ
493 2647 769 2723 ἐμφανέος
794 2646 827 2705 ὁ
851 2641 1264 2724 Ἀρισταγόρης
1295 2641 1627 2717 ἀπεστήκεε,
1652 2644 1767 2701 πᾶν
1794 2643 1886 2701 ἐπὶ

278 2733 496 2813 Δαρείῳ
530 2732 946 2813 μηχανώμενος.
1015 2730 1108 2789 καὶ
1150 2733 1344 2806 πρῶτα
1380 2731 1487 2805 μὲν
1522 2727 1675 2809 λόγῳ
1705 2729 1887 2805 μετεὶς

254 2820 382 2897 ·τῆν
417 2821 712 2898 τυραννίδα
753 2820 1046 2896 ἰσονομίην
1082 2816 1265 2877 ἐποίεε
1302 2820 1375 2896 τῇ
1416 2814 1674 2895 Μιλήτῳ,
1710 2815 1782 2881 ὥς
1819 2815 1886 2877 ἂν

279 2908 490 2974 ἑκόντες
526 2908 672 2988 αὐτῷ
709 2911 764 2967 οἱ
799 2906 1084 2983 Μιλήσιοι
1125 2905 1594 2967 συναπισταίατο·
1635 2904 1777 2981 μετὰ
1810 2904 1885 2975 δὲ,

279 2996 372 3056 καὶ
407 3002 466 3058 ἐν
495 3002 568 3078 τῇ
593 2994 748 3075 ἄλλῃ
773 2995 952 3074 Ἰωνίῃ
977 2993 1157 3055 τώυτὸ
1192 2997 1361 3053 τοῦτο
1395 2992 1591 3062 ἐποίεε,
1620 2992 1750 3055 τοῦς
1784 2993 1888 3068 μὲν

278 3085 583 3156 ἐξελαύνων
620 3090 729 3147 τῶν
768 3084 1063 3164 τυράννων,
1103 3109 1238 3146 τους
1282 3082 1328 3141 δ’
1372 3082 1549 3157 ἔλαβε
1592 3079 1887 3157 τυράννους

193 3174 202 3221 ἱ
255 3170 390 3233 .α’πο
422 3179 532 3235 τῶν
559 3179 698 3236 νεῶν
728 3177 839 3235 τῶν
871 3170 1361 3250 συμπλευσασέων
1396 3170 1489 3230 ἐπὶ
1524 3168 1738 3238 Νάξον,
1764 3165 1887 3225 τού-

277 3283 408 3323 τους
452 3262 512 3321 δὲ
558 3263 705 3337 φίλα
749 3259 1170 3345 βουλόμενος
1155 3258 1449 3321 ποιέεσθαι
1490 3260 1630 3336 τῇσι
1682 3249 1885 3311 πόλισι
