2259 3500
355 182 445 227 146
956 180 1323 230 ἮΡοΔοΤοτ
1794 178 1950 244 [v11.

360 259 464 335 μὲν
500 258 607 335 τήν
648 259 837 338 ἑτέρην
866 264 975 320 τῶν
999 261 1284 341 γεφυρέων
1308 256 1414 334 τήν
1439 256 1579 335 πρὸς
1602 262 1705 319 τοῦ
1733 259 1956 320 Πόντου

362 346 396 406 ὅ
422 346 588 418 πεζός
621 374 681 407 τε
709 349 800 407 καὶ
825 347 863 423 ἦ
892 349 1060 411 ἵππος
1095 347 1308 418 ἅπασα,
1338 345 1478 406 κατοῖ
1505 346 1565 405 δὲ
1591 346 1694 421 τήν
1720 346 1862 423 πρός
1887 347 1954 408 τό

360 438 595 515 Αἰγαῖον
635 435 705 495 ‘roff
740 434 1020 546 εὑποζύγια
1063 436 1155 493 καὶ
1175 512 1180 517 “
1197 434 1234 511 ἡ
1279 434 1568 512 θεραπηίη·
1618 434 1852 514 ἡγέοντο
1896 436 1956 495 δὲ

360 526 552 599 πρῶτα
576 526 679 600 μὲν
706 527 758 583 οἶ
782 522 971 600 μύριοι
999 524 1222 599 Πέρσαι
1259 522 1704 599 ἐστεφανωμένοι
1736 521 1954 593 πάντες,

358 609 501 687 μετὰ
528 612 588 671 δὲ
611 611 839 675 τούτους
865 639 896 671 ο
918 612 1229 689 σύμμικτος
1245 636 1484 687 στρατος
1508 610 1783 669 παντοίων
1809 611 1954 670 ἐθνέ-

361 725 453 758 ων.
535 699 739 775 ταύτην
764 701 868 776 μὲν
893 698 996 775 τὴν
1021 699 1236 777 ἡμέρην
1263 724 1434 758 ουτοι·
1475 702 1548 776 τῇ
1584 696 1701 755 δὲε
1669 699 1954 776 υστεραίῃ,

360 790 570 864 πρῶτοι
598 789 701 864 μὲν
740 788 799 846 οἵ
827 813 889 846 τε
926 787 1156 847 ἱππόται
1194 786 1286 845 καὶ
1324 788 1382 845 οἱ
1419 785 1519 848 τοὶς
1552 784 1766 866 λόγχας
1811 812 1955 845 κατω

358 875 667 952 τρέποντες·
711 874 1093 950 ἐστεφάνωντο
1137 874 1196 933 δὲ
1238 873 1330 932 καὶ
1377 871 1548 933 οὗτοι·
1595 872 1738 949 μετοὶ
1783 873 1857 943 δὲ,
1902 877 1964 947 οἳ,

357 988 420 1021 τε
462 963 623 1022 ἵπποι
664 966 717 1021 οἳ
754 963 864 1040 ἶροὶ
889 964 980 1021 καὶ
1006 960 1073 1022 τὸ
1101 961 1256 1039 ἅρμα
1279 959 1347 1021 τό
1376 960 1512 1038 ἱρόν·
1555 961 1644 1020 ἐπὶ
1687 960 1762 1031 δὲ,
1791 960 1955 1025 αὐτός

358 1076 421 1109 τε
467 1051 676 1127 Ξέρξης
730 1051 821 1108 καὶ
868 1052 921 1108 οἱ
968 1050 1327 1128 αἰχμοφόροι,
1376 1049 1469 1107 καὶ
1516 1051 1569 1107 οἶ
1617 1048 1847 1109 ἱππόται
1901 1056 1956 1113 οἱ

278 1180 283 1185 -
356 1138 553 1217 χίλιοι·
582 1139 673 1197 ἐπὶ
700 1137 760 1197 δὲ
783 1136 1036 1197 τούτοισι
1061 1137 1092 1197 ὅ
1120 1136 1300 1200 ἄλλος
1325 1136 1583 1215 στρατός·
1625 1137 1718 1195 καὶ
1745 1140 1802 1195 αἱ
1828 1142 1954 1213 νῆες

363 1223 483 1301 ἅμα
518 1224 791 1305 ἀνήγοντο
833 1230 888 1287 ἐς
928 1225 1032 1301 τὴν
1072 1225 1418 1285 ἀπεναντίον.
1501 1222 1608 1301 ἤδη
1637 1224 1705 1300 δὴ
1731 1223 1953 1301 ἤκουσα

360 1312 451 1370 καὶ
490 1311 732 1372 ὕστατον
774 1313 1037 1388 διαβῆναι
1074 1313 1331 1389 βασιλέα
1369 1311 1608 1372 πάντων.

262 1401 339 1459 56
436 1392 650 1477 Ξέρξης
676 1400 735 1459 δὲ
761 1402 885 1461 ἐπεί
917 1425 978 1471 τε
1006 1401 1170 1477 διέβη
1199 1406 1254 1463 ἐς
1288 1400 1392 1476 τήν
1417 1399 1707 1477 Εὐρώπην,
1737 1402 1952 1476 ἐθηεῖτο

356 1486 456 1548 τόν
498 1487 743 1566 στρατόν
783 1488 892 1548 ovd
931 1489 1224 1570 μαστίγων
1266 1489 1646 1564 διαβαίνοντα·
1689 1488 1851 1564 διέβη
1892 1490 1952 1549 δὲ

357 1575 391 1635 ὅ
426 1577 666 1653 στρατός
700 1576 869 1636 αὐτοῦ
907 1582 965 1636 ἐν
1002 1578 1140 1636 ἒπτοὶ
1176 1576 1420 1655 ἡμέρῃσι
1457 1576 1548 1635 καὶ
1589 1580 1649 1635 ἐν
1689 1576 1827 1635 ἑπτὰ
1867 1577 1950 1636 εὖ·

356 1664 619 1743 φρόνῃσι,
650 1664 907 1727 ἐλινύσας
934 1664 1127 1725 οὐδένα
1155 1664 1376 1747 χρόνον.
1446 1664 1681 1723 ἐνθαῦτα
1708 1665 1947 1745 λέγεται,

356 1754 570 1831 Ξέρξεω
609 1753 715 1830 ἤδη
742 1753 1153 1830 διαβεβηκότος
1177 1753 1277 1814 τόν
1301 1751 1748 1827 Ἑλλήσποντον,
1777 1752 1948 1830 ἄνδρα

355 1845 526 1900 εἰπεῖν
550 1841 1019 1917 Ἑλλησπόντιον·
1062 1852 1097 1877 “
1116 1840 1159 1900 ὦ
1188 1844 1309 1910 Ζεῦ,
1338 1841 1399 1900 τί
1434 1839 1502 1916 δὴ
1544 1839 1700 1918 οἷνδρὶ
1741 1839 1946 1916 εἰδόμε-

354 1954 446 1992 νος
481 1931 681 2007 Πέρσῃ
724 1930 815 1988 καὶ
859 1928 1068 2004 οὔνομα
1112 1927 1234 1988 οἷντὶ
1276 1928 1411 1992 Διὸς
1450 1928 1660 2005 Ξέρξεα
1703 1929 1946 2005 θέμενος,

354 2014 668 2075 οἷνάστατον
692 2015 796 2090 τὴν
818 2014 1072 2074 Ἑλλάδα
1109 2017 1317 2077 ἐθέλεις
1343 2019 1581 2090 ποιῆσαι
1622 2014 1772 2095 α”γων
1811 2015 1944 2076 ποίν-

351 2128 451 2166 τας
476 2102 794 2178 ἀνθρώπους
811 2127 828 2171 ;
872 2101 963 2160 καὶ
988 2101 1100 2183 γοῖρ
1125 2101 1253 2162 ἄνευ
1277 2102 1485 2164 τούτων
1512 2102 1642 2178 ἐξῆν
1673 2129 1762 2163 τοι
1795 2103 1944 2163 ποιέ-

352 2216 431 2250 ειν
468 2189 697 2249 rastra-’³

255 2277 331 2339 57
428 2275 528 2340 Ὡς
567 2278 627 2336 δὲ
664 2277 939 2354 διέβησαν
970 2278 1188 2347 πάντες,
1217 2282 1271 2342 ἐς
1297 2277 1498 2338 οδόν“
1457 2280 1833 2356 ωρμημένοισι
1857 2283 1946 2342 τέ-

347 2390 450 2440 ρας
476 2371 587 2440 σφι
614 2365 793 2442 ἐφάνη
817 2366 979 2446 μέγα,
1000 2392 1065 2425 το
1050 2365 1348 2442 Ξέρξης’
1324 2393 1381 2425 εν
1408 2367 1588 2452 ουὸενὶ
1615 2367 1822 2447 λόγω’
1795 2395 1944 2428 εποι-

348 2477 532 2526 ησατο
570 2453 665 2511 καί
701 2479 805 2530 περ
848 2452 1248 2530 ευσύμβλητον
1289 2454 1398 2513 ἐόν·
1444 2455 1610 2518 ἵππος
1643 2481 1754 2534 γαρ
1795 2456 1942 2514 ἔτεκε

347 2538 546 2620 λαγόν.
631 2539 1053 2620 (ευσύμβλητον
1099 2566 1174 2600 ων
1207 2542 1341 2621 τῇδε
1375 2545 1542 2601 τοῦτο
1581 2544 1817 2623 ἐγένετο,
1856 2542 1943 2602 ὅτι

350 2627 553 2702 ἔμελλε
591 2630 695 2705 μὲν
736 2632 869 2688 ἐλᾶν
910 2628 1181 2706 στρατιὴν
1211 2630 1302 2689 ἐπὶ
1326 2655 1429 2704 την
1452 2628 1705 2688 Ελλαδα.
1732 2630 1942 2707 Ξέρξης

346 2712 698 2794 αγαυρότατα
740 2715 831 2774 καὶ
868 2716 1462 2796 μεγαλοπρεπέστατα,
1496 2715 1679 2777 οπίσω
1716 2717 1776 2776 δὲ
1815 2719 1942 2795 περὶ

346 2806 547 2861 ἑωυτοῦ
586 2805 795 2883 τρέχων
832 2803 1036 2880 ἥξειν’
1011 2829 1065 2865 ες
1089 2803 1190 2864 τόν
1217 2803 1384 2864 αὐτόν
1415 2806 1640 2885 χῶρον.)
1725 2805 1942 2885 ἐγένετο

346 2890 406 2948 δὲ
447 2890 539 2949 καὶ
580 2890 764 2968 ἕτερον
804 2891 949 2969 αὐτῷ
971 2892 1132 2969 τέρας
1161 2891 1305 2952 ἐόντι
1332 2897 1390 2951 ἐν
1417 2892 1671 2969 Σάρδισι·
1713 2891 1943 2968 ἡμίονος

345 2977 454 3059 γοῖρ
484 2979 631 3038 ἔτεκε
656 2979 887 3056 ἡμίονον
914 2978 1038 3048 διξοὶ
1065 2981 1309 3057 ἔχουσαν
1335 2980 1532 3049 αἰδοῖα,
1561 2981 1632 3040 ταῖ
1657 2982 1762 3057 μὲν
1791 2982 1940 3057 ἔρσε-

346 3091 454 3136 νος,
481 3065 552 3126 τοὶ
579 3067 638 3126 δὲ
664 3069 885 3144 θηλέης·
931 3066 1238 3143 κατύπερθε
1265 3067 1324 3125 δὲ
1349 3067 1420 3144 ἦν
1455 3068 1527 3127 τοὶ
1557 3074 1656 3127 τοῦ
1698 3070 1939 3145 ἔρσενος.

252 3154 328 3210 58
350 3157 471 3213 Τῶν
498 3154 828 3232 ἀμφοτέρων
854 3154 1031 3236 λόγον
1058 3153 1252 3214 οὐδένα
1278 3154 1673 3231 ποιησάμενος,
1700 3155 1766 3215 τό
1807 3155 1940 3232 πρό--

346 3265 431 3299 σω
473 3241 780 3319 ἐπορεύετο·
823 3243 931 3304 σῦν
958 3242 1019 3301 δέ
1043 3245 1096 3300 οἱ
1122 3241 1154 3302 ὁ
1180 3242 1345 3314 πεζὰς
1371 3241 1630 3321 στρατός·
1673 3243 1704 3302 ὅ
1732 3243 1792 3302 δὲ
1817 3268 1942 3302 ναυ-

345 3325 496 3390 τικός
522 3327 622 3396 ἔξω
645 3329 745 3391 τόν
782 3328 1214 3406 Ἑλλήσποντον
1253 3329 1456 3400 πλέων,
1483 3329 1638 3406 παρὰ
1673 3333 1784 3406 γῆν
1808 3333 1942 3389 ἐκο-
