2259 3500
360 94 450 140 144
973 91 1338 139 ‘Hpvomooe
1801 91 1949 156 [V11.

356 172 612 251 γνώμῃσι
651 170 945 249 τοιαύτῃσι
988 170 1200 231 ἄλλους
1244 169 1610 246 συμβούλους
1653 170 1806 249 εἶχον
1845 199 1952 231 τοι·

358 259 564 327 ούτους,
596 256 693 317 οὐκ
722 256 790 317 ἄν
819 285 945 317 κοτε
974 258 1109 319 εἶδες
1137 256 1277 316 αὗτοῖ
1312 263 1364 319 ἐς
1390 262 1556 317 τοῦτο
1585 258 1954 334 προελθόντα·

357 352 453 407 νῦν
480 348 538 405 δὲ
568 346 903 409 κινδύνους’
868 346 1322 423 αναρριπτέοντες
1352 350 1404 407 ἐς
1430 346 1597 405 τοῦτό
1631 353 1786 421 σφεα
1820 374 1954 423 προ-

353 436 659 516 ηγάγοντο·
713 434 937 514 μεγάλα
984 460 1092 514 γαρ
1143 433 1448 513 πρήγματα
1493 434 1798 513 μεγάλοισι
1847 461 1952 495 κιν-

356 524 568 583 δύνοισι
615 524 793 582 ἐθέλει
837 523 1246 598 καταιρέεσθαι·
1289 520 1448 598 ἡμεῖς
1491 522 1690 594 τοίνυν,
1740 522 1951 598 ὁμοιεύ-

353 638 509 687 μενοι
552 612 795 680 κείνοισι,
828 610 971 688 ὥρην
998 637 1059 669 τε
1086 615 1184 669 τοῦ
1213 611 1360 672 ἔτεος
1401 610 1717 684 καλλιστην
1757 637 1952 687 πορευ-

354 699 547 775 όμεθα,
593 700 683 759 καὶ
734 698 1252 776 καταστρεψάμενοι
1296 703 1489 757 πᾶσαν
1535 696 1640 773 τήν
1679 696 1953 774 Εὐρώπην

353 787 706 864 νοστήσομεν
746 776 942 856 ὀπίσω,
974 785 1101 846 οὔτε
1144 790 1290 863 λιμῷ
1331 785 1648 863 ἐντυχόντες
1684 784 1951 861 οὐδαμόθι

350 874 475 935 οὔτε
518 875 665 935 ἄλλο
718 875 886 953 ἄχαρι
932 874 1203 937 παθόντες
1251 874 1427 933 οὐδέν·
1482 876 1648 932 τοῦτο
1695 875 1799 949 μὲν
1840 872 1948 953 γάρ

348 962 504 1023 αὐτοὶ
531 962 759 1037 πολλὴν
787 962 1019 1039 φορβὴν
1048 960 1348 1039 φερόμενοι
1374 960 1740 1037 πορευόμεθα·
1783 965 1946 1021 τοῦτο

348 1050 421 1119 δὲ,
451 1056 559 1110 τῶν
587 1050 653 1110 ἄν
680 1076 780 1109 κου
817 1052 1129 1127 ἐπιβέωμεν
1155 1056 1264 1131 γῆν
1291 1052 1382 1108 καὶ
1409 1051 1578 1119 ἔθνος,
1607 1048 1812 1108 τούτων
1849 1048 1948 1110 τᾶν

346 1142 508 1198 σῖτον
537 1138 751 1214 ἕξομεν·
796 1136 879 1195 ἐπ’
908 1137 1184 1215 α’ροτῆρας
1209 1138 1268 1195 δὲ
1297 1138 1388 1195 καὶ
1417 1136 1480 1196 οὗ
1512 1137 1750 1213 νομάδας
1777 1164 1941 1214 στρα-

248 1227 322 1284 51
349 1226 621 1303 τευόμεθα
663 1224 881 1303 ανδρας.
881 1224 911 1245 ”
992 1226 1164 1306 Λέγει
1188 1224 1538 1301 Ἀρτάβανος
1574 1252 1713 1301 μετα
1748 1230 1941 1285 ταῦτα·

346 1323 382 1347 “
414 1312 441 1337 ’
402 1316 740 1388 ωβασιλεῧ,
774 1314 897 1371 ἐπεί
933 1339 996 1371 τε
1036 1312 1326 1390 ἀρρωδέειν
1365 1312 1522 1373 οὐδὲν
1559 1318 1651 1391 εἀς
1690 1318 1938 1393 πρῆγμα,

343 1400 418 1459 σι)
460 1401 523 1460 δέ
559 1426 665 1477 μευ
703 1400 1066 1477 συμβουλίην
1093 1401 1319 1469 ἔνδεξαι·
1361 1400 1667 1481 ἀναγκαίως
1692 1426 1802 1481 γαρ
1832 1402 1942 1481 ἔχει

342 1490 469 1565 περὶ
522 1494 755 1549 πολλῶν
806 1489 1147 1571 πρηγμάτων
1193 1492 1409 1547 πλεῦνα
1463 1487 1637 1569 λόγον
1691 1493 1937 1549 ἐκτεῖναι.

342 1581 529 1654 Κῦρος
557 1576 589 1636 ὅ
611 1577 943 1653 Καμβύσεω
968 1576 1182 1652 Ἰωνίην
1206 1581 1416 1645 πᾶσαν,
1438 1574 1592 1650 πλὴν
1615 1575 1937 1651 Ἀθηναίων,

342 1667 757 1744 κατεστρέψατο
806 1665 1174 1743 δασμοφόρον
1212 1664 1350 1724 εἶναι
1387 1664 1670 1741 Πέρσῃσι·
1712 1664 1940 1731 τούτους

342 1752 416 1813 ὦν
461 1781 589 1818 τους
633 1755 834 1832 ανδρας
876 1753 1252 1830 συμβουλεύω
1297 1779 1386 1812 τοι
1425 1753 1671 1830 μηδεμιῇ
1711 1759 1937 1832 μηχανῇ

336 1867 491 1922 αγειν
534 1843 623 1902 ε’πι
666 1867 795 1904 τους
837 1843 1097 1916 πατέρας·
1142 1841 1232 1899 καὶ
1268 1867 1380 1921 γαρ
1417 1838 1546 1899 ἄνευ
1585 1839 1792 1899 τούτων
1831 1841 1940 1900 οἶοί

334 1955 395 1988 τε
438 1933 586 2006 ειμὲν
624 1933 733 1988 τῶν
774 1929 986 2006 εχθρῶν
1028 1930 1421 2006 κατυπέρτεροι
1447 1927 1724 2007 γίνεσθαι·
1765 1926 1802 2003 ἢ
1827 1929 1934 2009 γάρ

335 2023 535 2091 σφεας,
562 2015 631 2092 ἢν
673 2018 921 2089 ἕπωνται,
956 2015 1041 2073 δεῖ
1068 2015 1436 2078 ἀδικωτάτους
1473 2015 1730 2095 γίνεσθαι
1771 2042 1933 2074 κατα-

334 2103 733 2179 δουλουμένους
772 2101 876 2178 τήν
912 2101 1276 2179 μητρόπολιν,
1313 2101 1350 2178 ἢ
1393 2101 1768 2165 δικαιοτάτους
1804 2129 1934 2163 συν-

334 2191 775 2267 ελευθεροῦντας.
851 2189 1178 2250 ἀδικώτατοι
1203 2191 1307 2266 μέν
1332 2215 1428 2249 νυν
1451 2189 1746 2270 γινόμενοι,
1779 2190 1934 2251 οὐδὲν

334 2277 522 2354 κέρδος
546 2280 693 2358 μέγα
718 2277 855 2356 ἦμῖν
880 2277 1350 2353 προσβάλλουσι·
1393 2277 1730 2336 δικαιότατοι
1755 2278 1815 2337 δὲ
1848 2306 1932 2360 γι-

331 2363 567 2440 νόμενοι,
600 2365 714 2424 οἶοί
733 2391 795 2424 τε
822 2364 1185 2440 δηλήσασθαι
1209 2363 1468 2446 μεγάλως
1493 2363 1597 2440 τήν
1623 2365 1735 2442 ο-ἤν
1760 2393 1932 2442 στρα-

328 2451 452 2526 τιὴν
485 2454 745 2533 γίνονται.
833 2458 887 2515 ἐς
919 2451 1095 2530 θυμόν
1132 2451 1206 2512 ὧν
1241 2453 1428 2528 βαλεῦ
1471 2452 1562 2510 καὶ
1587 2451 1654 2512 r&
1679 2452 1928 2513 παλαιὸν
1954 2458 1963 2469 ’

331 2539 459 2602 ἔπος
486 2539 557 2602 ὦς
585 2539 643 2598 εὖ
672 2540 897 2616 εἴρηται,
918 2539 983 2600 τὸ
1010 2538 1091 2616 μή
1118 2539 1236 2616 ἅμα
1262 2538 1411 2618 ἀρχῇ
1437 2543 1551 2600 πᾶν
1575 2541 1741 2603 τέλος
1766 2567 1928 2601 καταὃ

230 2628 309 2686 52
333 2625 685 2702 φαίνεσθαι.”
764 2627 1092 2704 Ἀμείβεται
1118 2626 1258 2704 πρός
1283 2631 1458 2687 ταῦτα
1478 2628 1708 2704 Ξέρξης·
1745 2629 1928 2707 .“Ἀρ-

324 2715 555 2791 τάβανε,
608 2720 720 2776 τῶν
773 2715 1068 2794 άπεφῄναο
1126 2715 1385 2796 γνωμέων
1437 2715 1734 2791 σφάλλεαι
1787 2717 1928 2777 κατὰ

322 2802 529 2879 ταύτην
562 2802 633 2880 δὴ
668 2803 938 2879 μάλιστα,
972 2802 1033 2866 ὃς
1064 2801 1262 2864 Ἴωνας
1301 2803 1516 2880 φοβέαι
1554 2803 1638 2879 μὴ
1675 2805 1926 2881 μεταβά-

321 2893 488 2950 λωσι·
528 2895 639 2952 τῶν
679 2891 880 2970 ἔχομεν
918 2897 1113 2972 γνῶμα
1143 2891 1432 2972 μέγιστον,
1459 2895 1570 2950 τῶν
1595 2891 1670 2950 σύ
1695 2918 1757 2951 τε
1782 2892 1924 2970 μάρ-

320 3003 418 3042 τυς
458 2980 641 3058 γίνεαι
679 2980 771 3038 καὶ
814 2981 868 3038 οἱ
910 2977 1464 3056 συστρατευσάμενοι
1495 2978 1714 3058 Δαρείῳ
1754 2978 1927 3038 ἄλλοι

322 3067 413 3125 ε’πὶ
442 3065 737 3140 Σκυθας,’
707 3093 791 3127 οτι
820 3067 911 3125 ἐπὶ
938 3065 1187 3126 τούτοισι
1213 3065 1250 3141 ἧ
1277 3070 1438 3125 πᾶσα
1466 3065 1724 3143 Περσικὴ
1740 3091 1924 3143 στρα-

318 3176 413 3228 τιη
438 3154 667 3235 ἐγένετο,
690 3155 1011 3230 διαφθεῖραι
1039 3154 1131 3212 καὶ
1157 3157 1639 3231 περιποιῆσαι·οἱ
1667 3154 1727 3212 δὲ
1753 3155 1923 3212 δικαι-

321 3239 529 3315 οσύνην
574 3241 667 3300 καὶ
712 3239 1027 3318 πιστότητα
1074 3242 1357 3312 ἐνέδωκαν,
1404 3239 1576 3320 ἄχαρι
1628 3239 1690 3300 δὲ
1742 3240 1922 3300 οὐδέν·
