2259 3500
366 130 595 194 -76--831
986 124 1356 174 noA‘fflmA.
1881 116 1973 174 153

363 212 660 290 ’μαχαίρας
678 196 859 288 ἡεῖχον.
942 210 1162 283 ’Μαρῶν
1203 205 1260 263 δὲ
1303 203 1394 263 καὶ
1426 203 1670 283 Κόλχων
1697 202 1840 284 ἦρχε
1865 214 1974 265 Φα-

380 298 651 375 ρανδάτης
678 297 710 355 ὅ
736 296 1034 357 Τεάσπιος.
1101 293 1426 370 Ἀλαρόδιοι
1463 293 1520 350 δὲ
1550 292 1640 350 καὶ
1668 292 1976 371 Σάσπειρες

382 386 625 462 κατάπερ
665 384 889 463 Κόλχοι
933 383 1270 459 ὁπλισμένοι
1313 381 1728 459 ἐστρατεύοντο·
1770 383 1974 443 τούτων

379 475 439 533 δὲ
464 475 790 535 Μασίστιος
816 472 847 532 ὅ
877 474 1217 549 Σιρομίτρεω
1243 469 1402 549 ἦρχε.
1475 470 1560 528 'rot
1587 471 1644 528 δὲ
1671 472 1970 546 νησιωτικὰ
1991 470 2070 533 80

376 563 535 623 ἔθνεα
560 562 632 622 τά
662 567 721 620 ἐκ
752 565 853 636 τῆς
876 560 1148 637 Ἐρυθρῆς
1175 558 1476 635 θαλάσσης
1504 558 1760 634 ἑπόμενα,
1791 559 1975 635 νήσων

375 651 435 711 δὲ
463 657 520 710 ἔν
543 655 681 730 τῇσι
705 649 835 711 τούς
856 647 1256 711 ἀνασπάστους
1285 649 1654 724 καλεομένους
1684 648 1976 717 κατοικίζει

374 738 671 813 βασιλευς,
700 736 991 817 ἀγχοτάτω
1028 740 1138 795 τῶν
1166 736 1432 811 Μηδικῶν
1475 736 1625 817 εἶχον
1669 735 1882 809 ἐσθῆτά
1912 763 1975 796 τε

378 827 470 883 καὶ
506 825 677 884 ὅπλα.
717 826 925 885 τούτων
962 825 1022 882 δὲ
1059 829 1169 884 τῶν
1209 824 1519 900 νησιωτέων
1545 824 1686 902 ἦρχε
1714 824 1969 901 Μαρδόν-

374 938 475 987 της
513 912 545 971 ὄ
573 912 899 993 Βαγαίου,“
868 940 927 975 ος
970 918 1027 972 ἐν
1062 912 1310 991 Μυκάλῃ
1350 912 1704 993 στρατηγέων
1745 912 1972 1039 δευτέρω

376 1001 484 1059 ἔτεῖ
520 1000 729 1061 τούτων
770 1000 1100 1077 ἐτελεύτησε
1142 1006 1200 1060 ἐν
1238 1006 1310 1079 τῇ
1349 1001 1525 1081 μάχῃ.

454 1088 711 1148 Ταῦτα’
674 1115 745 1165 ην
770 1116 841 1148 τα
869 1088 986 1147 κατ’
1013 1088 1242 1166 ἤπειρον
1268 1088 1682 1167 στρατευόμενά
1706 1115 1767 1149 τε
1793 1090 1966 1158 ἔθνεα,
1989 1090 2062 1149 81

372 1177 465 1236 καὶ
490 1178 802 1258 τεταγμένα
830 1182 883 1239 ἐς
908 1177 975 1236 τὸ
1004 1177 1189 1247 πεζόν.
1271 1178 1472 1237 τούτου
1501 1178 1571 1238 ὧν
1598 1182 1700 1239 τοῦ
1726 1180 1970 1254 στρατοῦ

367 1264 547 1344 ἦρχον
584 1264 737 1325 οὗτοι
778 1266 939 1342 οἷπερ
977 1266 1234 1342 εἰρέαται·
1277 1265 1367 1324 καὶ
1403 1270 1454 1325 οἶ
1491 1265 1840 1335 διατάξαντες
1881 1265 1972 1324 καὶ

370 1354 843 1430 ἐξαριθμήσαντες
888 1352 1041 1413 οὗτοι
1086 1353 1253 1429 ἦσαν,
1299 1355 1390 1411 καὶ
1432 1353 1731 1434 χιλιάρχας
1774 1378 1835 1413 τε
1881 1352 1974 1412 καὶ

366 1441 678 1519 μυριάρχας
706 1440 1090 1510 ἀποδέξαντες·
1135 1442 1542 1522 ἑκατοντάρχας
1569 1444 1626 1501 δὲ
1655 1441 1745 1499 καὶ
1783 1442 1970 1519 ὃεκάρ-
2026 1456 2035 1467 ”

368 1554 475 1607 χας
511 1531 564 1587 οἶ
598 1529 920 1607 μυριάρχαι.
1000 1530 1207 1589 τελέων
1248 1530 1306 1589 δὲ
1348 1531 1440 1588 καὶ
1477 1529 1732 1591 εθνέων’
1697 1556 1847 1605 ησαν
1873 1528 1970 1587 α”λ-

370 1619 465 1674 λοι
506 1616 871 1693 σημάντορες·
912 1617 1061 1693 ἦσαν
1087 1621 1192 1694 μὲν
1219 1616 1289 1694 δη
1318 1616 1488 1689 οὗτοι,
1519 1619 1676 1695 οἵπερ
1717 1618 1969 1695 εἰρέαται,

370 1702 651 1783 ἄρχοντες.
732 1703 1146 1787 Ἐστρατήγεον
1177 1706 1237 1766 δὲ
1263 1705 1470 1767 τούτων
1493 1730 1556 1766 τε
1584 1706 1676 1765 καὶ
1701 1710 1799 1764 τοῦ
1827 1704 1970 1781 σύμ·
1990 1708 2064 1765 82

368 1818 576 1856 παντος
601 1797 847 1869 στρατοῦ
872 1798 972 1854 τοῦ
997 1796 1168 1865 πεζοῦ
1189 1793 1506 1871 Μαρδόνιός
1529 1820 1593 1855 τε
1620 1793 1652 1854 ὁ
1679 1793 1970 1870 Γωβρυεω,

368 1881 460 1939 καὶ
492 1882 938 1961 Τριτανταίχμης
963 1881 995 1941 ὁ
1021 1881 1379 1958 Ἀρταβάνου
1417 1887 1518 1942 τοῦ
1552 1882 1777 1964 γνώμην
1815 1883 1971 1959 θεμέ-

366 1995 464 2029 νου
500 1969 583 2048 μή
626 1970 1035 2046 στρατεύεσθαι
1064 1971 1156 2028 ἐπὶ
1182 1971 1286 2046 τὴν
1309 1970 1579 2041 Ἑλλάδα,
1610 1972 1702 2029 καὶ
1730 1970 1970 2047 Σμερδο-

362 2058 531 2133 μένης
575 2057 609 2118 ὅ
643 2056 1214 2135 Ὀτάνεω-Δαρείου
1256 2058 1569 2137 ἀμφότεροι
1610 2057 1766 2118 οὗτοι
1806 2056 1968 2117 α’,δελ-

366 2149 519 2218 φεῶν
544 2145 753 2215 παῖδες,
774 2147 957 2224 Ξέρξῃ
986 2147 1097 2204 δὲ’
1072 2147 1320 2226 εγίνοντο
1362 2146 1754 2225 ἀνεψιοὶ-καὶ
1780 2147 1970 2206 Μασί-

366 2255 507 2307 στης
538 2261 569 2292 ο
599 2234 839 2310 Δαρείου
865 2260 928 2294 τε
957 2235 1049 2292 καὶ
1073 2233 1361 2311 Ἀτόσσης
1399 2239 1548 2306 παῖς,
1577 2236 1669 2294 καὶ
1701 2235 1897 2316 Γέργις
1937 2262 1968 2293 ο

366 2315 604 2394 Ἀρίζου,
642 2321 735 2378 καὶ
775 2321 1119 2406 Μεγάβυζος
1164 2349 1195 2381 ο
1235 2322 1518 2399 Ζωπύρου.
1605 2320 1779 2382 Οὗτοι
1819 2322 1972 2397 ἦσαν
1986 2325 2062 2380 83

369 2406 677 2486 στρατηγοὶ
702 2411 801 2466 τοῦ
830 2409 1153 2484 σύμπαντος
1179 2415 1426 2487 στρατοῦ
1453 2411 1638 2483 πεζοῦ,
1667 2410 1836 2490 χωρὶς
1861 2414 1970 2469 τῶν

368 2493 594 2567 μυρίων·
634 2498 744 2554 τῶν
786 2496 845 2554 δὲ
887 2497 1095 2573 μυρίων
1137 2498 1344 2558 τούτων
1386 2499 1653 2575 Περσέων
1688 2503 1795 2558 τῶν
1833 2495 1967 2556 οἷπο-

367 2581 716 2660 λελεγμένων
759 2585 1093 2665 ἐστρατήγεε
1134 2589 1236 2662 μὲν
1271 2585 1539 2662 Ὑδάρνης
1584 2585 1615 2645 ὅ
1655 2585 1964 2662 Ὑδάρνεος*-

368 2668 665 2728 ἐκαλέοντο
697 2670 755 2729 δὲ
779 2670 1081 2732 Ἀθάνατοι
1117 2677 1172 2733 οἱ
1199 2674 1424 2750 Πέρσαι
1464 2672 1618 2734 οὗτοι
1661 2673 1750 2732 ἐπὶ
1785 2672 1964 2732 τοῦδε·

367 2755 419 2812 εἴ
440 2781 525 2818 τις
551 2755 729 2817 αὖτων
762 2759 982 2828 ἐξέλιπε
1020 2760 1120 2821 τὸν
1162 2760 1459 2839 ἀριθμὸν*
1423 2787 1461 2838 η
1491 2759 1706 2838 θανάτω
1746 2759 1968 2834 βιηθεὶς

364 2839 401 2916 ἢ
428 2842 625 2922 νθύσῳ,
655 2845 895 2910 ἄλλος’
859 2873 998 2926 ανηρ
1025 2847 1312 2926 ἀραίρητο·
1355 2847 1448 2908 καὶ
1475 2849 1720 2930 ἐγίνοντο
1749 2845 1966 2923 ουὸαμα

366 2929 493 2990 οὔτε
533 2936 767 2998 πλεῦνες
806 2937 1013 3012 μυρίων
1055 2936 1185 2997 οὔτε
1231 2936 1562 3000 ἐλάσσονες.
1644 2933 1859 3011 κόσμον
1907 2935 1966 2992 δὲ

363 3021 639 3081 πλεῖστον
672 3023 1007 3102 παρείχοντο
1049 3024 1141 3084 δια
1171 3024 1393 3085 πάντων
1419 3025 1661 3102 Πέρσαι,
1690 3023 1782 3081 καὶ
1807 3022 1970 3082 αὐτοὶ

363 3103 588 3182 ἄριστοι
614 3108 781 3185 ἦσαν·
822 3111 1031 3188 σκευὴν
1054 3113 1160 3187 μὲν
1183 3112 1446 3188 τοιαύτην
1473 3111 1628 3191 εἶχον
1651 3111 1795 3187 ἥπερ
1825 3110 1981 3186 ‘zm--

361 3216 473 3254 ται·
512 3199 683 3277 χωρὶς
721 3198 797 3270 δὲ,
824 3199 1043 3279 χρυσόν
1064 3227 1129 3260 τε
1153 3200 1376 3262 πολλὸν
1402 3200 1496 3259 καὶ
1521 3198 1771 3275 ἄφθονον
1813 3198 1980 3276 ἔχον-,

360 3307 451 3348 τες
477 3287 793 3368 ἐνέπρεπον,
820 3288 1152 3367 ἁρμαμάξας
1175 3315 1239 3350 τε
1275 3286 1394 3366 ἅμα
1419 3286 1626 3368 ἤγοντο
1651 3291 1710 3348 ἐν
1735 3286 1794 3346 δὲ
1820 3288 1964 3346 παλ-
