2259 3500
325 190 331 195 ·
369 121 646 184 173—176]
991 120 1360 169 ΠΟΑΤΜΝῙΑ.
1862 124 1956 173 193

367 201 736 277 ἐβουλεύοντο
761 200 900 277 πρὸς
931 224 1002 259 τα
1027 201 1302 279 λεχθέντα
1333 201 1395 269 ἐξ
1416 198 1871 311 Ἀλεξάνδρου,’
1832 230 1871 281 ῃ
1895 230 1958 264 τε

366 288 676 363 στήσονται
714 288 813 347 τόν
856 287 1108 364 πόλεμον
1156 289 1249 348 καὶ
1290 293 1349 347 ἐν
1387 288 1560 348 οἴοισι
1612 290 1866 367 χώροισι·
1918 292 1957 368 ἦ

365 381 576 436 νικῶσα
628 376 688 435 δὲ
738 375 930 456 γνώμη
993 376 1225 457 ἐγένετο,
1282 402 1385 451 την
1437 381 1497 436 ἐν
1549 376 1955 456 Θερμοπύλῃσι

367 463 624 540 ἐσβολὴν
661 463 930 538 φυλάξαι·
977 465 1298 541 στεινοτέρη
1339 464 1449 545 γοὶρ
1492 464 1751 541 ἐφαίνετο
1784 470 1958 525 ἐοῦσα

365 556 464 627 τῆς
489 557 543 614 ἐς
569 552 912 626 Θεσσαλίην,
943 552 1033 610 καὶ
1059 553 1180 627 μία,
1208 551 1486 633 οἶγχοτέρη
1518 578 1579 611 τε
1604 556 1705 628 τῆς
1732 556 1958 613 ἑωυτῶν·

363 638 466 713 τὴν
493 639 551 697 δὲ
579 638 830 715 α’,τραπόν
855 638 922 697 δι’
949 638 1019 713 ἣν
1055 637 1287 715 ἥλωσαν
1330 641 1382 696 οἱ
1416 637 1645 702 οἶλόντες
1673 638 1961 715 Ἑλλήνων

366 732 425 785 ἐν
450 728 872 805 Θερμοπύλῃσι,
902 726 1031 785 οὐδὲ
1055 724 1267 805 ᾔδεσαν
1294 730 1496 785 ἐοῦσαν
1520 725 1790 804 πρότερον
1816 728 1959 805 ἥπερ

365 811 693 889 ἀπικόμενοι
760 819 814 875 ἐς
881 814 1251 891 Θερμοπύλας
1318 814 1586 874 ἐπύθοντο
1639 817 1959 894 Τρηχινίων·

365 901 571 977 ταύτην
597 900 672 961 ὧν
697 900 1112 978 ἐβουλεύσαντο
1140 902 1535 976 φυλάσσοντες
1559 903 1663 979 τὴν
1688 903 1959 978 ἐσβολὴν,

365 988 446 1064 μή
479 990 732 1066 παριέναι
769 993 823 1051 ἐς
852 988 954 1063 τὴν
990 989 1244 1048 Ἑλλάδα
1282 989 1381 1048 τόν
1418 990 1737 1068 βάρβαρον·
1778 989 1876 1049 τόν
1902 989 1963 1049 δὲ

366 1078 620 1136 ναυτικόν
659 1077 902 1155 στρατὸν
940 1079 1132 1137 πλέειν
1170 1082 1277 1159 γῆς
1314 1082 1416 1153 τῆς
1443 1077 1834 1141 Ἱστιαιώτιδος
1870 1079 1961 1137 ἐπὶ

365 1162 739 1241 Ἀρτεμίσιον·
795 1168 972 1225 ταῦτα
1016 1166 1126 1247 γὰρ
1180 1165 1361 1277 ἀγχοῦ
1406 1192 1467 1225 τε
1512 1165 1781 1243 ἀλλήλων
1822 1168 1960 1237 ἐστὶ,

369 1250 514 1312 ὥστε
548 1252 925 1314 πυνθάνεσθαι
964 1254 1036 1313 τοῖ
1078 1254 1218 1313 κατοὶ
1261 1256 1544 1330 ἑκατέρους
1584 1254 1762 1315 ἐόντα.
1846 1255 1925 1313 Οἵ
1941 1254 2053 1315 176

367 1366 430 1398 τε
453 1346 625 1419 χῶροι
654 1340 824 1403 οὕτως
852 1342 1062 1419 ἔχουσι
1094 1346 1261 1402 τοῦτο
1286 1345 1402 1417 μὲν,
1428 1342 1494 1401 τό
1518 1341 1927 1419 Ἀρτεμίσιον’
1900 1368 1960 1401 εκ

367 1432 467 1509 τοῦ
502 1428 776 1510 πελάγεος
814 1434 914 1487 τοῦ
947 1430 1211 1505 Θρηϊκίου
1252 1430 1315 1497 ἐξ
1353 1426 1534 1506 εὖρέος
1570 1429 1869 1510 συνάγεται
1906 1436 1961 1493 ἐς

369 1516 586 1576 στεινὸν
621 1517 812 1593 πόρον,
844 1516 945 1575 τὸν
979 1515 1187 1592 μεταξῦ
1224 1515 1383 1575 ἐόντα
1418 1515 1594 1590 νήσου
1623 1542 1685 1575 τε
1720 1516 1961 1580 Σκιάθου

369 1604 461 1661 καὶ
511 1604 741 1681 ἠπείρου
797 1604 1153 1683 Μαγνησίης·
1222 1608 1283 1661 ἐκ
1330 1604 1387 1660 δὲ
1439 1606 1539 1661 τοῦ
1592 1608 1813 1663 στεινοῦ
1863 1607 1963 1679 τῆς

368 1690 616 1768 Εὐβοίης
641 1692 748 1769 ἤδη
773 1689 840 1752 τό
867 1690 1225 1768 Ἀρτεμίσιον
1252 1690 1462 1748 δέκεται
1488 1690 1759 1771 αἰγιαλός·
1801 1696 1859 1751 ἐν
1885 1691 1959 1762 δὲ,

368 1777 690 1857 Ἀρτέμιδος
733 1783 869 1856 ἶρον.
951 1778 988 1854 ἡ
1025 1779 1084 1840 δὲ
1118 1778 1189 1838 αὖ
1236 1777 1326 1837 διαῖ
1360 1781 1632 1856 Τρηχῖνος
1671 1779 1862 1842 ἔσοδος
1906 1785 1961 1842 ἐς

367 1866 471 1942 τήν
508 1868 762 1928 Ἑλλάδα
803 1870 940 1937 ἔστι,
981 1871 1054 1947 τῇ
1095 1865 1437 1942 στεινοτάτη,
1478 1864 1843 1943 ἡμίπλεθρον·
1898 1867 1963 1926 οῦ

367 1957 558 2032 μέντοι
585 1956 725 2016 κατὰ
749 1956 917 2016 τοῦτό
943 1955 996 2037 γ’
1030 1957 1151 2016 ἐστι
1176 1955 1241 2015 τό
1275 1954 1627 2014 στεινότατον
1651 1957 1753 2030 τῆς
1780 1953 1964 2033 χώρης

367 2047 469 2119 τῆς
517 2045 715 2120 ἄλλης,
769 2043 900 2104 ἀλλ’
956 2043 1245 2121 ἔμπροσθέ
1293 2069 1355 2100 τε
1418 2043 1820 2119 Θερμοπυλέων
1871 2044 1963 2102 καὶ

369 2131 592 2192 ὄπισθε·
663 2132 802 2192 κατά
839 2159 902 2193 τε
951 2130 1267 2207 Ἀλπ-ηνοῦς
1313 2128 1514 2191 ὄπισθε
1554 2130 1741 2192 ἐόντας
1788 2135 1964 2190 ἐοῦσα

369 2219 637 2314 αμαξιτος
675 2246 869 2296 μουνη,
913 2221 1004 2279 καὶ
1042 2219 1328 2296 ἔμπροσθε
1362 2245 1501 2277 κατα
1534 2219 1761 2278 Φοίνικα
1790 2245 1961 2278 ποτα-

369 2306 495 2382 μὸν,
523 2305 706 2385 σ’,γχοῦ
730 2305 1012 2382 Ἀνθηλῆς
1036 2307 1251 2378 πόλιος,
1282 2304 1549 2382 ἅμαξιτος
1578 2305 1731 2382 αλλη
1764 2306 1957 2383 μούνη.

370 2396 480 2450 τῶν
526 2393 586 2451 δὲ
633 2395 1035 2469 Θερμοπυλέων
1081 2393 1147 2452 τό
1194 2420 1297 2470 μεν
1340 2420 1481 2470 προς
1533 2394 1786 2471 εσπέρης,
1837 2393 1963 2472 ὅρος

371 2478 590 2554 ἄβατόν
633 2505 695 2540 τε
737 2481 829 2538 καὶ
871 2477 1243 2556 ἀπόκρημνον,
1295 2480 1532 2560 ὖψηλόν,
1580 2481 1863 2541 ἀνατεῖνον
1910 2487 1965 2545 ἐς

371 2565 476 2643 τὴν
508 2568 700 2643 Οἴτην·
740 2566 806 2627 τὰ
839 2568 898 2626 δὲ
934 2567 1072 2644 πρὸς
1111 2567 1215 2642 τήν
1250 2567 1332 2643 ἤῶ
1374 2573 1473 2645 τῆς
1506 2569 1653 2643 ὁδοῦ,
1694 2569 1963 2628 θάλασσα

371 2653 695 2716 ὗποδέκεται
726 2655 816 2713 καὶ
846 2653 1098 2736 τενάγεα·
1142 2657 1262 2714 ἔστι
1298 2655 1357 2714 δὲ
1392 2661 1449 2716 ἐν
1484 2659 1556 2734 τῇ
1587 2654 1763 2732 ἐσόδῳ
1792 2655 1966 2734 ταύτῃ

373 2742 550 2820 θερμά
590 2743 814 2822 λουτρά,
856 2742 928 2824 τέ
969 2742 1222 2820 Χύτρους
1263 2744 1529 2801 καλέουσι
1569 2745 1623 2801 οἶ
1664 2741 1961 2819 ἐπιχώριοι,

363 2833 464 2890 καὶ
499 2831 693 2908 βωμός
727 2831 938 2910 ἵδρυται
963 2831 1276 2908 Ἡρακλέος
1308 2829 1390 2890 ἐπ’
1418 2829 1657 2890 αὐτοῖσι·
1702 2828 1965 2906 ἐδέδμητο

370 2918 429 2978 δὲ
478 2924 664 3000 τεῖχος
715 2919 856 2980 κατὰ
911 2919 1114 2982 ταύτας
1162 2919 1263 2982 τοῖς
1314 2917 1584 2994 ἐσβολας,
1638 2917 1730 2974 καὶ
1780 2915 1847 2976 τό
1898 2944 1966 2998 γε

369 3009 612 3068 παλαιὸν
637 3007 866 3068 πύλαι’
841 3013 1076 3084 επῆσαν·
1116 3007 1339 3084 ἔδειμαν
1365 3006 1425 3065 δὲ
1456 3005 1667 3066 Φωκέες
1691 3003 1757 3062 τό
1783 3007 1969 3082 τεῖχος

369 3095 719 3166 δείσαντες,’
695 3097 813 3155 επεὶ
839 3096 1136 3154 Θεσσαλοὶ
1160 3094 1393 3170 ἧλθον’
1367 3119 1425 3152 εκ
1447 3095 1795 3167 Θεσπρωτων
1821 3091 1968 3167 οἰκή-

371 3211 565 3250 σοντες
589 3189 698 3268 γῆν
728 3210 832 3260 την
858 3184 1110 3256 Αἰολίδα,
1141 3181 1349 3258 τήνπερ
1384 3183 1480 3240 νῦν
1519 3179 1787 3238 ἐκτέαται.
1870 3177 1969 3239 ἅτε

369 3271 441 3351 δη
507 3273 854 3354 πειρωμένων
917 3275 1028 3332 τῶν
1093 3270 1411 3328 Θεσσαλῶν
1477 3267 1975 3344 καταστρέφεσθαί
