2259 3500
331 128 614 195 108—110]
971 126 1279 177 ΟΤΡΔΝῙΑ.
1834 129 1929 175 263

329 216 386 275 ἐς
407 209 564 286 ·τήν”
583 210 802 269 έωυτοΰ·
861 206 929 267 τό
977 207 1231 267 ε’νθεῧτεν
1276 205 1337 265 δὲ
1387 205 1517 282 περὶ
1570 207 1669 281 τῆς
1722 204 1931 267 ἐκείνου

326 298 622 359 ποιέεσθαι
645 295 752 373 ἤδη
775 294 875 356 τόν
899 294 1088 377 ἀγῶνα
1107 296 1346 355 ἐκέλευε.
1402 292 1606 369 ταύτης
1632 292 1693 352 δὲ
1713 293 1931 373 εἴχοντο

325 390 428 462 τῆς
451 385 672 467 γνώμης
699 385 790 443 καὶ
827 384 1303 458 Πελοποννησίων
1326 384 1438 442 τῶν
1464 380 1655 441 ἄλλων
1683 384 1735 441 οἶ
1762 408 1929 459 στρα-

325 475 508 555 τηγοί.
569 472 667 535 Ὡς
692 472 752 531 δὲ
781 472 950 548 ἔμαθε
977 470 1064 531 ὅτι
1091 470 1157 530 οὖ
1182 470 1368 529 πείσει
1390 468 1520 531 τούς
1542 496 1610 549 γε
1636 469 1890 532 πολλοῦς
1910 472 2022 530 109

323 561 536 621 πλώειν
561 566 616 625 ἐς
641 559 743 621 τᾶν
769 558 1201 634 Ἑλλήσποντον
1234 556 1267 617 ὅ
1299 557 1737 633 Θεμιστοκλέης,
1764 582 1930 633 μετα·

325 648 527 724 βολῶν
571 647 716 725 πρὸς
753 645 882 709 τοῦς
919 642 1485 722 Ἀθηναίους-οὖτοι
1523 644 1635 725 γάρ
1675 644 1932 721 μάλιστα

327 735 749 816 ἐκπεφευγότων
783 734 1196 810 περιημέκτεον,
1226 732 1467 809 ὁρμέατό
1502 757 1564 791 τε
1592 736 1646 796 ές
1678 731 1779 792 τόν
1801 731 1932 792 Ἑλ-

327 822 652 897 λήσποντον
677 820 886 881 πλώειν
913 821 1004 880 καὶ
1033 820 1124 880 ε’πὶ
1147 821 1341 896 σφέων
1361 820 1539 879 αὖτῶν
1557 819 1930 897 βαλλόμενοι,

329 912 378 967 εἰ
404 906 582 969 ὧλλοι
606 909 686 985 μή
711 908 1268 989 βουλοίατο-ἔλεγέ
1292 914 1404 985 σφι
1423 906 1572 967 τάδε·
1603 916 1638 942 “
1654 908 1749 967 καὶ
1768 906 1933 971 ank-63

327 994 434 1073 ἤδη
460 1000 736 1057 πολλοῖσι
762 996 1163 1077 παρεγενόμην,
1194 996 1286 1055 καὶ
1311 999 1511 1074 πολλῷ
1536 995 1691 1055 πλέω
1718 994 1932 1071 ἀκήκοα

327 1084 514 1145 τοιάδε
543 1085 826 1166 γενέσθαι·
867 1083 1070 1161 ἄνδρας
1097 1088 1153 1147 ἐς
1178 1082 1483 1164 ἀναγκαίην
1515 1082 1931 1158 ἀπειληθέντας,

326 1173 707 1250 νενικημένους
741 1170 1142 1251 ἀναμάχεσθαί
1167 1197 1229 1231 τε
1262 1171 1355 1230 καὶ
1380 1170 1804 1248 ἀναλαμβάνειν
1830 1170 1933 1247 τὴν

325 1262 599 1339 προτέρην
621 1260 916 1369 κακότῃτα·
943 1259 1103 1337 ἡμεῖς
1129 1259 1205 1329 δὲ,
1234 1258 1469 1339 (εὕρημα
1494 1257 1603 1340 γὰρ
1626 1257 1933 1335 εὖρήκαμεν

326 1346 501 1423 ἡμέας
537 1374 599 1408 τε
643 1346 842 1411 αὐτους
885 1348 978 1405 καὶ
1019 1346 1122 1422 τήν
1162 1346 1432 1417 Ἐλλάδα,
1480 1347 1651 1422 νέφος
1688 1350 1931 1407 τοσοῦτο

328 1433 628 1512 ἀνθρωπων
671 1434 1062 1514 ἀνωσάμενοι,)
1103 1460 1187 1511 μη
1235 1434 1510 1510 διώκωμεν
1554 1433 1754 1511 ανδρας
1798 1434 1931 1511 φεύ-

325 1546 546 1605 γοντας·
600 1523 732 1583 τάδε
771 1522 880 1605 γὰρ
924 1522 1022 1582 οὐκ
1061 1521 1225 1598 ημεῖς
1264 1521 1743 1603 κατεργασάμεθα,
1778 1520 1933 1580 ἀλλά

331 1609 453 1669 θεοί
486 1636 548 1669 τε
589 1611 681 1670 καὶ
718 1609 905 1687 ἥρωες,
949 1636 1002 1669 οι
1043 1608 1369 1687 ἐφθόνησαν
1394 1609 1634 1686 ἄνδρα*
1608 1634 1701 1669 ενα
1736 1612 1837 1684 τῆς
1868 1634 1931 1669 τε

329 1693 526 1774 Ἀσιης
557 1697 650 1758 καὶ
681 1701 783 1774 τῆς
812 1697 1084 1792 Ευρῶπης
1117 1699 1539 1774 βασιλεῦσαι,’
1515 1696 1675 1757 εόντα
1704 1695 1934 1758 ἀνόσιόν

329 1809 392 1845 τε
419 1787 512 1846 καὶ
537 1785 886 1848 ατάσθαλον·
929 1814 990 1850 ος
1015 1787 1086 1849 τά
1110 1813 1172 1847 τε
1202 1787 1292 1864 ιροὶ
1321 1787 1413 1845 καὶ
1437 1785 1509 1846 τά
1536 1786 1701 1846 ιὸια’
1676 1811 1735 1846 εν
1760 1785 1933 1864 ὁμοίω

331 1874 592 1945 ε’ποιέετο,
622 1874 899 1952 ἐμπιπράς
933 1901 994 1936 τε
1031 1876 1123 1934 καὶ
1152 1874 1533 1951 καταβάλλων
1557 1877 1671 1934 τῶν
1697 1874 1837 1934 θεῶν
1860 1873 1933 1934 τά

329 1958 648 2042 ἀγάλματα·
703 1962 764 2026 ὃς
804 1963 898 2022 καὶ
948 1961 1054 2040 τήν
1121 1962 1426 2023 θάλασσαν
1492 1961 1929 2043 ἀπεμαστίγωσε

328 2049 497 2113 πέδας
535 2077 598 2110 τε
638 2055 857 2127 κατῆκε.
943 2050 1075 2111 ἀλλ’
1117 2050 1177 2110 εὖ
1215 2050 1327 2133 γάρ
1370 2051 1484 2130 ἔχει
1526 2055 1581 2113 ἐς
1619 2050 1685 2110 τὸ
1723 2049 1931 2128 παρεόν

327 2135 478 2212 ἡμῖν,
507 2142 606 2199 νῦν
630 2143 734 2216 μὲν
761 2145 821 2200 ἐν
843 2143 916 2218 τῇ
935 2137 1177 2198 Ἑλλάδι
1204 2139 1634 2215 καταμείναντας
1658 2137 1842 2214 ἡμέων
1865 2163 1927 2198 τε

329 2223 507 2286 αὐτῶν
532 2228 937 2303 ἐπιμεληθῆναι
963 2226 1056 2286 καὶ
1081 2231 1192 2286 τῶν
1219 2226 1486 2286 οἰκετέων·
1530 2227 1627 2285 καί
1645 2252 1730 2290 τις
1756 2227 1932 2302 οἰκίην

328 2336 391 2370 τε
433 2312 860 2374 ἀναπλασάσθω
905 2313 998 2372 καὶ
1039 2313 1259 2390 σπόρου
1304 2312 1516 2377 ἀνακῶς
1569 2315 1754 2393 ε’χέτω,
1796 2341 1931 2375 παν-

329 2400 530 2463 τελέως
571 2399 862 2464 ἀπελάσας
899 2400 998 2462 τόν
1049 2400 1370 2480 βάρβαρον·
1435 2401 1553 2479 ἅμα
1596 2403 1655 2462 δὲ
1695 2407 1773 2482 τῷ
1814 2405 1931 2482 ἔαρι

331 2489 729 2565 καταπλέωμεν
756 2489 846 2548 ἐπὶ
872 2488 1305 2565 Ἑλλησπόντου
1332 2492 1425 2549 καὶ
1442 2489 1699 2566 Ἰωνίης.”
1756 2496 1933 2551 ταῦτα

331 2574 490 2654 ελεγε
525 2574 814 2653 ἀποθήκην
849 2579 1077 2654 μέλλων
1101 2576 1499 2654 ποιήσεσθαι’
1474 2605 1529 2641 ες
1553 2604 1653 2638 τον
1679 2578 1929 2655 Πέρσεα·

331 2661 435 2730 ἵνα,
485 2661 554 2738 ἣν
599 2690 708 2740 αρα
742 2665 803 2725 τί
839 2691 935 2742 μιν
982 2665 1395 2744 καταλαμβάνῃ
1449 2664 1589 2742 πρὸς
1626 2664 1933 2740 Ἀθηναίων

328 2747 583 2824 πάθος,
554 2777 656 2830 εχῃ
682 2751 1077 2831 ἀποστροφήν·
1117 2752 1297 2830 τάπερ
1324 2752 1397 2813 ὧν
1426 2753 1517 2812 καὶ
1544 2752 1775 2832 ἐγένετο.

411 2840 830 2916 Θεμιστοκλέης
852 2843 955 2916 μὲν
979 2846 1157 2902 ταῦτα
1182 2842 1363 2922 λέγων
1390 2840 1683 2916 διέβαλλε·
1723 2837 1887 2914 Ἀθη·
1909 2841 2023 2897 110

329 2927 475 2984 ναῖοι
509 2925 570 2985 δε
607 2929 910 2989 ἐπείθοντο·
952 2929 1140 3006 ἐπειδὴ
1167 2955 1295 3010 γαρ,
1327 2929 1419 2987 καὶ
1443 2927 1717 3004 πρότερον
1743 2927 1929 3008 δεδαγ-

328 3011 494 3088 μένος
521 3014 660 3074 εἶναι
685 3013 886 3093 σοφὰς,
915 3018 1096 3094 ἐφάνη
1136 3017 1237 3076 ε’ων
1264 3015 1512 3092 ἀληθέως
1539 3014 1725 3091 σοφός
1750 3041 1812 3074 τε
1840 3015 1933 3074 καὶ

329 3098 621 3177 ευβουλος,
665 3104 882 3169 πάντως
918 3108 1130 3182 ἑτοῖμοι
1168 3103 1323 3179 ἦσαν
1356 3104 1582 3184 λέγοντι
1616 3103 1931 3163 πείθεσθαι.

327 3187 400 3252 ὦς
451 3189 511 3249 δὲ
565 3189 722 3252 οὗτοί
761 3196 816 3253 οἱ
862 3191 1272 3274 ἀνεγνωσμένοι
1318 3190 1484 3267 ἦσαν,
1542 3189 1735 3252 αὐτίκα
1788 3191 1931 3268 μετ-ἀ

324 3281 500 3338 ταῦτα
553 3279 588 3340 ὅ
641 3281 1060 3358 Θεμιστοκλέης
1112 3279 1315 3356 ἄνδρας
1355 3278 1651 3356 ἀπέπεμπε
1702 3281 1931 3360 ἔχοντας
