2259 3500
329 121 610 187 237—239]
946 123 1317 172 IIOATMNIA.
1830 123 1923 171 219

325 203 640 280 πυθόμενος
687 204 878 278 ταῦτα,
930 200 1183 279 ἠθέλησε
1230 202 1721 280 Λακεδαιμονίοισι
1772 200 1931 283 ἐξαγ-

327 294 534 374 γεῖλαι.
589 291 776 353 ἄλλως
801 292 905 367 μὲν
930 289 998 365 δὴ
1027 289 1126 350 οὐκ
1155 290 1272 369 εἶχε
1293 293 1561 368 σημῇναι·
1591 288 1931 349 ἐπικίνδυνον

327 378 438 460 γὰρ
464 378 534 455 ἦν
559 377 640 457 μή
662 379 972 454 λαμφθείη·
1002 378 1034 437 ὁ
1062 378 1121 437 δὲ
1140 382 1459 455 μηχανᾶται
1478 376 1682 436 τοιάδε·
1713 375 1933 435 δελτίον

329 468 598 546 δίπτυχον
650 464 852 541 λαβών
903 465 1002 526 τὸν
1058 466 1230 542 κηρόν
1281 464 1451 525 αὐτοῦ
1505 465 1782 539 ἐξέκνησε,
1839 462 1931 521 καὶ

329 556 518 615 ἔπειτα
550 558 610 614 ἐν
633 557 711 632 τῷ
737 552 887 632 ξύλῳ
912 556 1013 613 τοῦ
1045 552 1267 612 δελτίου
1294 553 1501 632 ἔγραψε
1527 550 1630 626 τὴν
1654 551 1933 627 βασιλέος

327 641 572 721 γνώμην·
613 639 857 715 ποιήσας
885 640 944 699 δὲ
969 644 1147 700 ταῦτα
1172 638 1357 699 ὀπίσω
1388 638 1617 715 ἐπέτηξε
1640 638 1738 698 τόν
1764 638 1934 716 κηρὸν

331 729 424 786 ἐπὶ
452 727 526 787 τοὶ
555 726 877 807 γράμματα,
916 727 1005 786 ἵνα
1043 726 1355 804 φερόμενον
1395 726 1573 787 κεινὸν
1605 724 1671 785 τὰ
1714 726 1933 785 δελτίον

329 812 504 889 μηδὲν
527 818 764 893 πρῆγμα
780 814 1019 892 παρέχοι
1039 817 1092 872 οἱ
1111 814 1255 892 πρός
1272 818 1382 874 τῶν
1400 813 1782 889 ὁδοφυλάκων·
1812 814 1931 873 ἐπεὶ

332 901 392 959 δὲ
418 900 511 959 καὶ
537 900 767 960 ἀπίκετο
804 905 860 963 ἐς
884 900 989 975 τὴν
1021 902 1425 977 Λακεδαίμονα,
1454 900 1554 961 οὐκ
1595 900 1749 979 εἶχον
1789 926 1929 977 συμ-

329 988 625 1064 βαλέσθαι
660 990 714 1047 oz
748 987 1193 1063 Λακεδαιμόνιοι,
1221 989 1351 1064 πρίν
1375 1013 1441 1069 γε
1468 988 1537 1065 δή
1564 993 1692 1063 σφι,
1722 987 1793 1051 ὥς
1820 988 1929 1069 ἐγῶ

329 1074 697 1152 πυνθάνομαι,
735 1074 1087 1150 Κλεομένεος
1115 1100 1220 1152 μεν
1260 1075 1507 1155 θυγάτηρ
1549 1076 1827 1135 Λεωνίδεω
1871 1076 1931 1135 δὲ

329 1188 489 1242 γυνη,
511 1161 723 1242 Γοργω,
749 1160 1002 1231 υπέθετο,
1025 1163 1446 1269 ἐπιφρασθεῖσα
1472 1162 1629 1237 αὐτ-ἤ,
1648 1162 1747 1223 τόν
1764 1162 1933 1240 κηρον

333 1254 468 1309 κνᾶν
513 1249 838 1318 κελεύουσα,
882 1248 976 1306 καὶ
1018 1247 1274 1325 εὑρήσειν
1314 1250 1498 1325 σφέας
1535 1250 1840 1330 γράμματα
1872 1255 1931 1310 ἐν

331 1342 408 1416 τῶ
433 1336 602 1415 ξύλῳ·
629 1335 952 1411 πειθόμενοι
978 1334 1038 1394 δὲ
1065 1334 1225 1411 εὗρον
1250 1336 1342 1394 καὶ
1364 1337 1713 1407 ἐπελέξαντο,
1742 1339 1931 1397 ἔπειτα

334 1424 394 1483 δὲ
433 1427 588 1483 τοῖσι
628 1422 864 1482 ἄλλοισι
886 1420 1146 1498 Ελλησι
1184 1422 1534 1483 ἐπέστειλαν.
1614 1427 1790 1483 ταῦτα
1827 1426 1933 1502 μέν

335 1511 404 1586 δὴ
424 1509 564 1570 οὕτω
587 1510 813 1592 λέγεται
835 1509 1119 1591 γενέσθαι.
