2259 3500
323 115 540 180 20-25]
907 108 1282 157 KAAAIonH.
1828 113 1921 161 291

322 221 386 256 τε
411 195 480 273 δὴ
508 197 680 257 ἵππον
705 192 874 253 αὐτοῦ
895 186 1265 265 λαμβάνουσι
1284 189 1379 248 καὶ
1396 188 1565 250 αὖτόν
1582 188 1927 268 ἀμυνόμενον

325 285 621 353 κτείνουσι,
649 278 767 341 κατ’
793 276 970 357 ἀρχὰς
998 274 1062 335 οὗ
1085 274 1395 353 δυνάμενοι·
1429 275 1798 338 ἐνεσκεύαστο
1816 277 1928 359 γὰρ

327 369 486 430 οὕτω·
530 369 682 433 ἐντὸς
713 366 939 444 θώρηκα
976 363 1092 442 εἶχε
1127 364 1371 442 χρύσεον
1398 365 1725 427 λεπιδῶτον·
1770 365 1927 424 κατύ-

328 460 498 535 περθε
538 459 598 517 δὲ
635 459 736 519 τοῦ
780 454 1026 531 θώρηκος
1064 452 1269 512 κιθῶνα
1310 456 1590 528 φοινίκεον
1635 453 1927 513 ἐνδεδύκεε·

327 546 720 611 τύπτοντες,δὲ
751 548 808 607 ἐς
837 542 937 602 τὸν
969 540 1209 617 θώρηκα,
1240 540 1457 601 ἐποίευν
1488 540 1663 601 οὐδέν·
1706 543 1837 620 πρίν
1861 567 1930 622 γε

329 632 398 709 δή
421 633 617 711 μαθών
642 659 726 696 τις
751 631 818 691 τό
845 628 1190 705 ποιεύμενον,
1210 628 1360 687 παίει
1385 654 1483 705 μιν
1511 633 1565 693 ἐς
1591 630 1691 691 τᾶν
1712 630 1930 707 ὀφθαλ-

327 719 456 796 μόν·
499 719 642 782 οὕτω
675 719 744 795 δὴ
779 716 948 779 ἔπεσέ
977 741 1039 775 τε
1067 715 1163 783 καὶ
1189 713 1447 776 ἀπέθανε.
1528 721 1705 779 ταῦτα
1731 719 1795 779 δέ
1829 743 1932 781 κως

330 807 596 885 γινόμενα
651 805 915 881 ἐλελήθεε
953 803 1084 865 τούς
1125 802 1337 865 ἄλλους
1380 805 1597 867 ἱππέας·
1654 805 1781 865 οὕτε
1818 806 1930 887 γοῖρ

332 894 583 955 πεσόντα
601 919 698 970 μιν
719 892 864 953 εἶδον
890 889 1004 951 ota-<3
1025 894 1125 950 τοῦ
1148 890 1320 949 ἵππου
1341 890 1466 951 οὔτε
1486 891 1930 970 ἀποθνήσκοντα·

333 977 720 1061 ἀναχωρήσιός
744 1005 806 1041 τε
830 978 1122 1060 γινομένης
1149 978 1241 1036 καὶ
1275 977 1643 1057 ὑποστροφῆς
1678 981 1777 1042 οὐκ
1806 983 1933 1058 ἔμα-

335 1067 436 1128 θον
476 1069 543 1128 τό
589 1067 904 1149 γενόμενον,
939 1066 1063 1125 ε’πεί
1086 1090 1150 1125 τε
1187 1066 1246 1124 δὲ
1284 1068 1547 1143 ἔστησαν,
1583 1069 1779 1129 αὐτίκα
1806 1067 1931 1129 ε’πό-

335 1156 526 1228 θεσαν,
562 1156 634 1220 ὥς
667 1161 852 1230 σφεας
883 1153 1060 1217 οὐδεὶς
1095 1152 1167 1230 ἦν
1199 1152 1231 1213 ὁ
1271 1154 1517 1215 τάσσων·
1566 1156 1838 1233 μαθόντες
1873 1158 1933 1217 δὲ

333 1244 399 1305 τὰ
437 1244 684 1326 γεγονὸς,
727 1240 1219 1319 διακελευσάμενοι
1265 1240 1509 1317 ἤλαυνον
1554 1244 1685 1309 τοῦς
1734 1246 1936 1309 ἵππους

336 1331 550 1402 πάντες,
580 1331 652 1395 οἷς
677 1329 744 1391 ἂν
769 1329 868 1391 τόν
893 1356 960 1411 γε
988 1328 1181 1406 νεκρόν
1216 1328 1528 1393 ἀνελοίατο.
1610 1331 1844 1397 Ἰδόντες
1876 1334 1935 1393 δὲ
1950 1334 2029 1393 23

337 1420 392 1478 οἶ
413 1418 701 1495 Ἀθηναῖοι
727 1418 909 1478 οὐκέτι
937 1416 1076 1477 κατοῖ
1103 1416 1272 1476 τέλεα
1297 1419 1784 1494 προσελαύνοντας
1808 1420 1937 1485 τούς

339 1506 552 1579 ἱππέας,
583 1504 714 1565 ἀλλ’
744 1505 862 1583 ἅμα
899 1504 1124 1575 πάντας,
1154 1504 1257 1581 ’ἢν
1290 1504 1474 1582 ἄλλην
1509 1508 1778 1584 στρατιήν
1816 1514 1934 1567 ἐπε-

336 1593 625 1671 βώσαντο·
681 1599 740 1653 ἐν
779 1590 822 1673 ᾧ
863 1594 922 1653 δὲ
955 1592 986 1655 ὅ
1018 1592 1184 1665 πεζός
1222 1592 1366 1657 ἅπας
1405 1593 1633 1670 ε’βῶθεε,
1666 1600 1725 1655 ἐν
1759 1595 1935 1675 τούτῳ

335 1680 492 1762 μάχη
526 1680 680 1753 ὀξεῖα
709 1681 838 1759 περὶ
867 1684 970 1741 τοῦ
1016 1684 1212 1759 νεκροῦ
1254 1681 1483 1762 γίνεται.
1568 1682 1665 1745 ἕως
1698 1682 1801 1760 μέν
1840 1708 1936 1743 νυν

335 1775 532 1849 μοῦνοι
567 1769 719 1847 ἦσαν
747 1772 800 1829 οἱ
824 1767 1155 1848 τριηκόσιοι,
1184 1769 1459 1831 ἑσσοῦντό
1487 1795 1550 1831 τε
1581 1770 1803 1832 πολλᾶν
1842 1771 1936 1832 καὶ

337 1856 437 1926 τὸν
463 1859 655 1936 νεκρόν
676 1855 1001 1920 ἐπέλειπον·
1037 1857 1108 1922 ὥς
1134 1857 1195 1918 δέ
1222 1864 1334 1933 σφι
1357 1857 1423 1919 τὸ
1450 1860 1669 1934 πλῆθος
1696 1857 1935 1935 ἐπεβοή-

339 1945 539 2024 θησαν,
567 1945 706 2008 οὕτω
727 1946 795 2023 δὴ
819 1945 1002 2007 ουκέτι
1023 1973 1079 2006 οι
1107 1944 1337 2008 ιππόται
1355 1944 1643 2022 υπέμενον,
1673 1945 1800 2007 οὐδέ
1824 1952 1937 2023 σφι

339 2035 616 2116 ἐξεγένετο
651 2062 752 2097 τον
787 2061 982 2112 νεκρον
1013 2033 1335 2096 ἀνελέσθαι·
1382 2033 1539 2094 ἄλλα
1572 2033 1714 2112 πρδς
1754 2035 1937 2115 ἐκείνῳ

340 2122 550 2188 ἄλλους
585 2123 1035 2202 προσαπόλεσαν
1067 2126 1180 2184 τῶν
1208 2122 1433 2184 ἱππέων.
1514 2122 1939 2200 ἀποστήσαντες

339 2237 414 2270 ων
446 2211 584 2273 ὅσον
619 2237 682 2272 τε
719 2211 818 2272 δύο
854 2209 1072 2284 στάδια,
1104 2209 1537 2286 ἐβουλεύοντο
1501 2239 1535 2272 ο
1571 2237 1627 2272 τι
1660 2211 1827 2292 χρεὸν
1854 2211 1937 2288 εἴη

339 2300 572 2368 ποιέειν;
615 2299 798 2359 ἐδόκεε
824 2300 888 2360 δέ
912 2306 1041 2375 σφι,
1071 2298 1335 2378 ἀναρχίης
1363 2300 1579 2376 ἐούσης,
1608 2299 1938 2361 ἀπελαύνειν

339 2385 495 2464 παροὶ
525 2386 857 2463 Μαρδόνιον.
939 2385 1309 2462 Ἀπικομένης
1343 2386 1402 2445 δὲ
1434 2392 1535 2462 τῆς
1575 2387 1745 2448 ἵππου
1784 2393 1838 2451 ἐς
1870 2386 1936 2448 τὰ
1954 2389 2032 2446 24

338 2473 734 2550 στρατόπεδον,
783 2473 986 2536 πένθος
1033 2473 1369 2549 ἐποιήσαντο
1411 2477 1739 2536 Μασιστίου
1778 2476 1938 2536 πᾶσά

339 2587 403 2620 τε
446 2560 485 2636 ἦ
533 2561 768 2638 στρατιή
814 2561 908 2620 καὶ
952 2560 1271 2640 Μαρδόνιος
1313 2562 1603 2643 μέγιστον,
1647 2563 1831 2638 σφέας
1875 2589 1937 2624 τε

341 2647 539 2712 αὐτοῦς
569 2649 839 2727 κείροντες
875 2649 968 2709 καὶ
1001 2674 1130 2712 τους
1166 2649 1367 2714 ἵππους
1406 2651 1498 2710 καὶ
1536 2648 1609 2708 τοὶ
1648 2648 1934 2730 ὑποζύγια,

341 2740 557 2818 οἰμωγῇ
608 2763 670 2798 τε
721 2736 1026 2816 χρεώμενοι
1077 2736 1320 2816 ἀπλέτῳ·
1390 2763 1618 2799 απασαν
1668 2762 1779 2818 γαρ
1832 2737 1938 2812 τήν

339 2826 612 2902 Βοιωτίην
649 2829 871 2906 κατεῖχε
901 2825 1040 2905 ἦχω·
1083 2851 1156 2888 ως
1188 2823 1384 2903 οἷνδρος
1417 2823 1771 2902 ἀπολομένου
1796 2824 1939 2901 μετά

339 2938 408 2993 γε
447 2913 768 2992 Μαρδόνιον
808 2913 1196 2995 λογιμωτάτου
1238 2913 1391 2990 παρά
1429 2939 1491 2974 τε
1540 2913 1805 2992 Πέρσῃσι
1847 2913 1939 2972 καὶ

339 3002 598 3077 βασιλέϊ.
683 3005 758 3062 Οἱ
789 3003 895 3079 μέν
927 3028 1024 3062 νυν
1049 3000 1343 3079 βάρβαροι
1368 3001 1557 3078 τρόπῳ
1574 3004 1659 3078 ,τῷ
1683 3001 1938 3080 σφετέρῳ
1955 3002 2031 3060 25

339 3089 696 3151 ἀποθανόντα
735 3090 935 3167 ε’τίμων
966 3091 1311 3150 Μασίστιον·
1367 3114 1419 3147 οι
1458 3087 1515 3146 δὲ
1540 3087 1835 3163 Ἕλληνες,
1868 3113 1939 3152 ως

342 3178 444 3256 τὴν
479 3180 652 3268 ἵππον
693 3178 946 3249 ἐδέξαντο
980 3176 1476 3256 προσβάλλουσαν
1519 3177 1611 3234 καὶ
1652 3175 1938 3253 δεξάμενοι
2008 3205 2020 3214 ·

341 3265 578 3339 ωσαντο,
619 3265 946 3342 ἐθάρσησάν
979 3292 1042 3325 τε
1087 3266 1288 3340 πολλῷ
1329 3265 1571 3337 μᾶλλον,
1614 3264 1707 3322 καὶ
1744 3266 1937 3341 πρῶτα
