2259 3500
349 118 634 186 εις-222]
961 118 1333 169 nomm-[A.
1856 121 1949 171 211

347 198 450 261 οὖκ
501 199 798 262 ἐθέλοντας
849 196 1391 269 συνδιακινδυνεύειν,
1446 199 1717 259 κελεῦσαί
1770 205 1955 274 σφεας
1984 267 1995 279 ,

346 285 851 349 ἀπαλλάσσεσθαι·
907 285 1054 365 αὐτῷ
1097 286 1157 344 δὲ
1196 283 1419 345 ἀπιέναι
1458 284 1523 345 οὗ
1566 289 1749 349 καλῶς
1788 287 1953 364 ἔχειν.

346 376 568 452 μένοντι
595 374 655 434 δὲ
681 373 851 435 αὐτοῦ
872 373 1034 437 κλέος
1058 374 1207 454 μέγα
1229 373 1497 443 ε’λείπετο,
1521 379 1613 431 καὶ
1632 372 1669 449 ἦ
1692 373 1955 451 Σπάρτης

347 461 666 540 εὐδαιμονίη
707 459 808 520 οὔκ
848 460 1197 537 ἐξηλείφετο·
1244 460 1509 539 ἐκέχρητο
1550 459 1661 540 γοὶρ
1701 460 1811 521 ὖπο
1853 465 1955 537 τῆς

345 551 562 625 Πυθίης
606 552 761 609 τοῖσι
809 547 1217 657 Σπαρτιήτῃσι,
1260 547 1627 626 χρεωμένοισι
1673 548 1801 659 περὶ
1852 552 1955 609 τοῦ

345 639 599 713 πολέμου
644 635 844 697 τούτου
890 633 1088 695 αὐτίκα
1127 633 1247 695 κατ’
1288 634 1467 713 ἀρχσὶς
1508 637 1873 716 ἐγειρομένου,
1914 634 1955 713 ἢ

345 721 790 799 Λακεδαίμονα’
754 720 1070 782 ανάοτατον
1088 716 1407 803 γενέσθαι”
1375 748 1485 784 υπο
1510 726 1621 783 τῶν
1638 723 1955 801 βαρβάρων

345 808 384 884 ἢ
408 810 506 870 rav
533 809 788 886 βασιλέα
819 815 1012 884 σφεων
1038 808 1403 870 ἀπολέεσθαι.
1468 814 1645 871 ταῦτα
1670 810 1734 871 δέ
1754 817 1869 887 σφι
1896 815 1955 871 ἐν

347 898 507 957 ἔπεσι
533 897 888 974 ἑξαμέτροισι
913 896 1114 975 ἔχοντα
1138 900 1271 977 χρᾷ,
1298 898 1541 978 λέγοντα
1566 896 1691 958 ὦδε·

403 1039 539 1098 ’Τμῗν
575 1036 628 1097 δ’,
668 1036 709 1085 ὦ
740 1037 975 1100 Σπάρτης
1009 1038 1253 1100 οἰκήτορες
1286 1038 1572 1101 εὔρυχόροιο,

407 1109 442 1170 ἢ
471 1110 604 1171 μέγα
639 1110 763 1157 ἄστυ
789 1108 986 1171 ’ρικυδὲς
1021 1110 1100 1156 ὑπ’
1134 1110 1331 1170 ἀνδράσι
1366 1111 1661 1171 Περσεΐδῃσι

409 1182 654 1244 πέρθεται·
691 1181 722 1240 ἢ
758 1182 816 1228 τὸ
848 1180 935 1239 μὲν
969 1182 1094 1241 οὐχὶ,
1136 1180 1220 1242 ἀφ’
1245 1184 1543 1244 ’Ἡρακλέους
1578 1184 1629 1231 δὲ
1660 1182 1895 1243 γενέθλης

408 1255 643 1312 πενθήσει
675 1254 864 1315 βασιλῆ
897 1254 1122 1313 φθίμενον
1154 1254 1507 1313 Λακεδαίμονος
1540 1253 1689 1316 οὖρος.

410 1327 465 1372 οὗ
495 1326 593 1386 γὰρ
625 1326 710 1372 τὸν
743 1326 929 1386 ταύρων
963 1324 1144 1384 σχήσει
1176 1326 1314 1383 μένος
1348 1328 1457 1375 οὐδὲ
1490 1327 1697 1375 λεόντων

410 1396 644 1459 ἀντιβίην·
682 1396 827 1454 Ζηνὸς
859 1396 958 1456 γὰρ
993 1396 1096 1455 ἔχει
1127 1397 1283 1453 μένος·
1320 1398 1427 1443 οὐδέ
1461 1396 1485 1444 ἑ
1518 1398 1643 1458 φημὶ

409 1468 696 1527 σχήσεσθαι,
739 1466 850 1528 πρὶν
881 1466 1020 1514 τῶνδ’
1057 1467 1219 1528 ἕτερον
1253 1468 1331 1515 διὰ
1364 1466 1526 1515 πάντα
1560 1469 1784 1528 δάσηται.

342 1597 519 1660 ταῦτα’
542 1622 605 1659 τε
631 1598 700 1674 δὴ
729 1597 1127 1679 ἐπιλεγόμενον
1152 1598 1447 1674 Λεωνίδην,
1477 1624 1569 1657 και
1594 1599 1952 1677 βουλόμενον

345 1687 508 1749 κλέος
541 1685 884 1746 καταθέσθαι
923 1690 1132 1763 μοῦνον
1169 1687 1575 1764 Σπαρτιητέων,
1612 1685 1946 1767 ἀποπέμψαι

341 1799 472 1838 τους
525 1773 859 1853 συμμάχους
918 1779 1163 1852 μιῖλλον,
1224 1773 1261 1851 ἢ
1313 1773 1507 1856 γνώμῃ
1572 1775 1949 1854 διενεχθέντας

343 1860 485 1924 οὕτω
511 1861 773 1939 ἀκόσμως
805 1862 1066 1941 οἴχεσθαι
1095 1862 1227 1927 τους
1256 1863 1597 1941 οἰχομένους.
1680 1863 1907 1941 Μαρτύ-
1926 1865 2039 1924 221

338 1975 462 2029 ριον
513 1949 579 2011 δέ
625 1975 726 2027 μοι
767 1950 862 2008 καὶ
901 1949 1030 2011 τόδε
1077 1949 1177 2010 οὐκ
1226 1950 1533 2029 ἐλάχιστον
1574 1950 1775 2012 τούτου
1819 1952 1950 2029 πέρι

338 2040 556 2121 γέγονε·
598 2037 664 2098 οὗ
700 2035 814 2118 γάρ
853 2041 1062 2116 μοῦνον
1100 2039 1233 2103 τούς
1272 2035 1483 2102 ἄλλους
1522 2037 1677 2098 ἀλλά
1720 2039 1813 2098 καὶ
1850 2038 1951 2099 τόν

339 2126 540 2201 μάντιν
572 2124 634 2190 ὃς
666 2125 854 2184 εἵπετο
891 2129 964 2203 τῇ
1005 2131 1243 2205 στρατιῇ
1282 2125 1475 2206 ταύτῃ,
1505 2126 1823 2207 Μεγιστίην
1846 2125 1948 2188 τὸν

342 2210 656 2289 Ἀκαρνῆνα
682 2211 989 2292 λεγόμενον
1017 2212 1157 2272 εἶναι
1181 2213 1253 2273 τά
1280 2212 1545 2274 ἀνέκαθεν
1569 2213 1683 2273 ἀπό
1711 2213 1947 2291 Μελάμ-

343 2299 528 2372 ποδος,
555 2302 756 2358 τοῦτον
784 2299 1016 2358 εἴπαντα
1043 2303 1104 2358 ἐκ
1128 2304 1241 2360 τῶν
1268 2303 1399 2377 ἱρῶν
1422 2300 1495 2360 τοὶ
1522 2301 1809 2377 μελλοντά
1836 2306 1950 2378 σφι

343 2386 624 2460 ἐκβαίνειν
671 2383 914 2462 φανερός
967 2390 1092 2446 ε’στι
1131 2387 1407 2463 Λεωνίδης
1454 2386 1815 2466 ἀποπέμπων,
1860 2390 1947 2450 ἵνα

342 2471 424 2548 μή
465 2471 864 2548 συναπόληταί
899 2477 1030 2548 σφι·
1101 2472 1135 2532 ό
1174 2473 1234 2532 δὲ
1272 2474 1745 2553 ἀποπεμπόμενος
1782 2475 1951 2540 αὐτὸς

341 2561 447 2636 μὲν
487 2558 587 2619 οὐκ
623 2559 944 2635 ἀπελίπετο,
987 2559 1088 2620 τόν
1127 2559 1190 2621 δὲ
1218 2561 1391 2622 παῖδα
1430 2563 1949 2642 συστρατευόμενον

343 2645 506 2708 ἐόντα
531 2650 584 2706 οἱ
608 2649 946 2729 μουνογενέα
972 2646 1285 2726 ἀπέπεμψε.

425 2737 500 2792 Οἱ
523 2735 628 2811 μέν
655 2761 753 2796 νυν
779 2735 1074 2814 σύμμαχοι
1101 2738 1157 2796 οἶ
1188 2734 1653 2814 ἀποπεμπόμενοι
1682 2735 1907 2814 οἴχοντό
1924 2739 2041 2797 222

340 2845 404 2882 τε
451 2819 722 2895 ἀπιόντες,
771 2822 862 2882 καὶ
917 2823 1205 2884 ἐπείθοντο
1250 2823 1516 2901 Λεωνίδῃ·
1572 2824 1841 2886 Θεσπιέες
1887 2824 1949 2883 δὲ

342 2908 434 2968 καὶ
475 2910 722 2985 Θηβαῖοι
763 2910 1086 2987 κατέμειναν
1124 2913 1325 2987 μοῦνοι
1357 2909 1511 2987 παροῖ
1547 2908 1943 2985 Λακεδαιμονί-

341 3021 478 3056 οισι·
512 2996 720 3057 τούτων
747 2995 808 3056 δὲ
833 2998 1083 3074 Θηβαῖοι
1107 3000 1213 3074 μὲν
1236 2996 1493 3059 ἀέκοντες
1520 2997 1731 3073 ἔμενον,
1760 2997 1851 3055 καὶ
1878 2995 1943 3056 οὗ

337 3083 704 3162 βουλόμενοι·
747 3088 970 3162 κατεῖχε
994 3085 1104 3166 γάρ
1131 3091 1317 3162 σφεας
1335 3083 1611 3158 Λεωνίδης
1638 3087 1697 3142 ἐν
1720 3080 1945 3159 ὁμήρων

339 3171 496 3254 λόγῳ
533 3171 874 3249 ποιεύμενος·
918 3173 1189 3236 Θεσπιέες
1228 3173 1289 3232 δὲ
1330 3169 1546 3233 ἑκόντες
1584 3169 1857 3246 μάλιστα,
1892 3171 1947 3232 οἳ

339 3259 442 3320 οὖκ
481 3261 707 3338 ἔφασαν
745 3257 1121 3320 ἀπολιπόντες
1173 3255 1453 3331 Λεωνίδην
1500 3255 1593 3315 καὶ
1642 3256 1775 3320 τοῦς
1825 3257 1946 3335 μετ’
