2259 3500
291 124 386 172 268
891 121 1259 171 ἨΡΟΔΟΤΟΤ
1708 120 1895 185 [VIII.

299 227 460 264 οντας
513 200 796 275 ἐκπηδέειν
849 203 904 262 ἐς
955 198 1058 273 τήν
1111 198 1433 258 θάλασσαν·
1495 198 1587 256 καὶ
1637 197 1741 272 τὴν
1793 204 1897 275 νῆα

296 289 812 377 ἐπικουφισθεῖσαν,
841 286 982 347 οὕτω
1005 286 1072 361 δὴ
1093 286 1506 361 άποσωθῆναι’
1481 311 1537 347 ες
1557 285 1661 360 τὴν
1676 284 1897 363 Ἀσίην·

297 403 368 439 ως
399 363 464 434 δὲ
499 378 734 451 ἐκβῆναι
763 374 1010 453 τάχιστα
1045 379 1100 437 ἐς
1134 378 1243 453 γῆν
1277 372 1375 433 τόν
1407 372 1633 449 Ξέρξεα,
1663 378 1899 449 ποιῆσαι

296 462 525 524 τοιόνδε·
576 462 662 523 ὅτι
691 465 795 539 μὲν
827 464 1008 522 ἔσωσε
1043 461 1319 537 βασιλέος
1349 460 1452 536 τὴν
1488 460 1691 539 ψυχὴν,
1731 461 1899 539 δωρή-

301 552 517 611 σασθαι
557 551 772 629 χρυσέῃ
827 548 1083 627 στεφάνῃ
1124 548 1225 608 τᾶν
1268 547 1629 625 κυβερνήτεα·
1710 549 1800 608 ὅτι
1840 551 1899 609 δὲ

300 638 566 715 Περσέων
591 638 846 702 πολλους
872 636 1148 709 σῖπωλεσε,
1179 636 1486 712 ἀποταμεῖν
1511 661 1617 711 την
1644 637 1901 712 κεφαλήν

209 728 320 785 119
341 727 528 787 αυτοῦ.
616 724 797 790 Οὗτος
839 727 897 785 δὲ
937 724 1115 787 ἄλλος
1155 725 1381 803 λέγεται
1420 722 1593 803 λόγος
1632 725 1761 801 περὶ
1798 730 1900 783 τοῦ

299 815 514 891 Ξέρξεω
549 814 772 884 νόστου,
809 791 1119 889 οὗδαμῶς”
1091 836 1279 892 εμοιγε
1309 810 1529 880 πιστὸς,
1558 837 1681 869 ουτε
1714 810 1903 874 ἄλλως

300 902 426 962 οὔτε
469 902 536 963 τό
587 902 854 979 Περσέων
899 904 1066 961 τοῦτο
1110 899 1307 961 πάθος·
1370 902 1417 957 εἷ
1458 923 1567 978 γαρ
1613 898 1679 973 δη
1726 903 1899 958 ταῦτα

300 1016 440 1050 ουτω
495 990 676 1098 εἰρέθη
731 995 791 1049 ἐκ
833 992 970 1048 τοῦ
988 986 1334 1065 κυβερνήτεω
1386 1012 1526 1061 προς
1572 986 1797 1062 Ξέρξεα,
1840 992 1901 1045 ἐν

299 1079 533 1155 μυρίῃσι
559 1077 816 1158 γνώμῃσι
847 1078 981 1153 μίαν
1017 1074 1116 1135 οὖκ
1152 1075 1260 1152 ἔχω
1298 1072 1565 1143 ἀντίξοον,
1592 1100 1673 1150 μη
1710 1100 1809 1133 ουκ
1832 1073 1902 1133 ἂν

278 1168 536 1240 ’ποιῆσαι
577 1166 832 1239 βασιλέα
871 1163 1102 1223 τοιόνδε·
1184 1187 1315 1223 τους
1353 1163 1455 1237 μὲν
1497 1166 1557 1219 ἐκ
1595 1165 1695 1221 τοῦ
1738 1188 1901 1222 κατα-

302 1252 630 1329 στρώματος
697 1250 1091 1327 καταβιβάσαι
1151 1255 1206 1313 ἐς
1274 1250 1470 1325 κοίλην
1528 1252 1652 1325 νῆα,
1714 1249 1903 1315 ἐόντας

301 1341 533 1416 Πέρσας
561 1340 654 1398 καὶ
679 1340 947 1417 Περσέων
985 1338 1115 1402 τούς
1149 1338 1413 1416 πρώτους,
1446 1342 1555 1397 τῶν
1588 1337 1633 1396 δ’
1660 1340 1900 1415 ἐρετέων,

303 1426 500 1487 ἐόντων
549 1429 830 1499 Φοινίκων,
877 1426 1014 1491 ὅκως
1057 1426 1157 1486 οὐκ
1205 1424 1275 1487 ἂν
1321 1427 1448 1485 ἴσον
1490 1426 1709 1501 πλῆθος
1749 1430 1901 1486 τοῖσι

303 1516 569 1594 Πέρσῃσι
613 1517 852 1592 ἐξέβαλε
895 1520 948 1579 ἐς
988 1515 1090 1591 τήν
1134 1514 1455 1575 θάλασσαν.
1490 1567 1497 1574 .
1538 1512 1667 1571 ἀλλ’
1710 1513 1741 1574 ὅ
1781 1518 1899 1590 μὲν,

303 1602 374 1667 ὥς
420 1604 512 1661 καὶ
552 1604 823 1681 πρότερον
874 1606 1099 1713 εἴρηται,
1146 1602 1257 1681 ὁδῷ
1297 1600 1619 1680 χρεώμενος,
1669 1600 1785 1678 ἅμα
1826 1606 1905 1680 τῷ

209 1692 324 1752 120
342 1688 500 1749 ἄλλω
541 1696 764 1772 στρατῷ
804 1691 1159 1767 ἀπενόστησε
1202 1695 1257 1753 ἐς
1292 1690 1395 1766 τήν
1433 1688 1651 1766 Ἀσίην.
1734 1690 1903 1770 Μέγα

290 1779 359 1838 ’δὲ
401 1781 491 1838 καὶ
531 1781 659 1841 τόδε
699 1780 1020 1858 μαρτύριον·
1064 1780 1323 1855 φαίνεται
1353 1805 1465 1858 γαρ
1503 1779 1765 1854 Ξέρξης’
1740 1805 1799 1838 εν
1830 1782 1903 1856 τῇ

301 1867 485 1928 ὀπίσω
513 1870 712 1946 κομιδῇ
739 1868 1070 1943 οἷπικόμενος
1097 1871 1153 1929 ἐς
1179 1864 1463 1942 Αβδηρα,
1492 1866 1583 1923 καὶ
1617 1866 1819 1941 ξεινίην
1843 1868 1909 1925 τέ’

301 1962 414 2032 σφι
441 1957 792 2032 συνθέμενος,
823 1955 914 2013 καὶ
941 1953 1332 2030 δωρησάμενος
1365 1952 1561 2016 αὐτοῦς
1586 1951 1818 2032 οἷκινάκῃ
1842 1977 1905 2012 τε

300 2045 523 2122 χρυσέῳ
544 2044 636 2102 καὶ
654 2041 818 2120 τιήρῃ
837 2041 1240 2120 χρυσοπάστῳ·
1276 2041 1369 2098 καὶ
1396 2039 1467 2103 ὥς
1493 2041 1652 2100 αὗτοὶ
1670 2042 1905 2122 λέγουσι

299 2129 648 2208 Ἀβδηρῖται,
671 2131 929 2209 λέγοντες
950 2130 1080 2204 ἐμοί
1101 2154 1168 2210 γε
1197 2127 1448 2205 οὐδαμῶς
1467 2129 1659 2201 πιστοὶ,
1684 2133 1907 2206 πρῶτον

304 2216 548 2276 ἐλύσατο
588 2216 690 2292 τήν
726 2217 898 2292 ζώνην
935 2215 1157 2296 φεύγων
1200 2217 1263 2286 ἐξ
1293 2215 1573 2291 Ἀθηνέων
1604 2214 1801 2286 ὀπίσω,
1836 2216 1907 2280 οἷς

305 2308 363 2364 ἐν
388 2302 542 2383 α’δείῃ
574 2304 692 2364 ἐών·
733 2303 802 2364 τὰ
846 2304 904 2363 δὲ
927 2303 1195 2380 Ἄβδηρα
1232 2304 1443 2380 ἵδρυται
1479 2302 1620 2380 πρὸς
1653 2308 1751 2364 τοῦ
1775 2304 1906 2363 Ἑλ-

307 2391 634 2467 λησπόντου
659 2396 886 2470 μᾶλλον
912 2391 948 2470 ἢ
975 2396 1075 2453 τοῦ
1095 2392 1414 2470 Στρυμόνος
1435 2392 1527 2451 καὶ
1546 2395 1647 2467 τῆς
1663 2390 1904 2460 Ἠἳόνος,

304 2478 434 2540 ὅθεν
461 2480 529 2556 δή
554 2506 651 2558 μιν
679 2482 826 2556 φασὶ
855 2481 1120 2556 ἐπιβῆναι
1150 2480 1241 2538 ἐπὶ
1266 2479 1369 2554 τὴν
1396 2483 1521 2554 νῆα.

212 2569 322 2626 121
429 2571 504 2626 Οἱ
545 2568 604 2626 δὲ
633 2567 930 2644 Ἕλληνες,
981 2569 1107 2627 ἐπεί
1146 2593 1208 2626 τε
1252 2593 1351 2626 ουκ
1402 2567 1515 2626 οἶοί
1549 2593 1611 2627 τε
1654 2568 1909 2648 ἐγένοντο

261 2655 538 2745 ἐξελέειν
577 2655 682 2731 τὴν
711 2655 969 2733 Ἄνδρον,
999 2653 1339 2731 τραπόμενοι
1379 2659 1435 2718 ἐς
1475 2654 1776 2731 Κάρυστον
1817 2655 1910 2712 καὶ

261 2721 639 2819 δηῖωσαντες
693 2742 872 2802 αὐτῶν
923 2768 1027 2818 την
1089 2741 1290 2821 χώρην,
1348 2740 1799 2802 ἀπαλλάσσοπο
1856 2747 1911 2803 ἐς

305 2830 615 2907 Σαλαμῖνα.
702 2833 894 2906 πρῶτα
944 2830 1050 2906 μέν
1103 2854 1201 2889 νυν
1252 2831 1406 2888 τοῖσι
1460 2830 1640 2889 θεοῖσι
1694 2828 1909 2896 ἐξεῖλον

304 2914 590 2993 ἀκροθίνια
643 2917 796 2976 ἄλλα
847 2942 910 2977 τε
957 2916 1048 2976 καὶ
1093 2915 1350 2993 τριήρεας
1391 2920 1540 2993 τρεῖς
1580 2917 1909 2979 Φοινίσσας·

303 3003 406 3078 τὴν
444 3007 548 3080 μὲν
588 3008 643 3066 ἐς
681 3003 917 3079 Ἰσθμόν
957 3001 1256 3073 ἀναθεῖναι,
1284 3002 1429 3080 ἤπερ
1469 3004 1548 3062 ἔτι
1585 3003 1675 3061 καὶ
1718 3008 1773 3066 ἐς
1812 3006 1913 3080 ἐμὲ

304 3089 392 3163 ἦν·
433 3091 536 3167 τήν
571 3092 630 3150 δὲ
669 3092 760 3149 ἐπὶ
798 3091 1047 3154 Σούνιον·
1088 3088 1193 3164 τὴν
1228 3090 1289 3148 δὲ
1322 3095 1400 3168 τῷ
1426 3093 1623 3150 Αἴαντι
1656 3089 1826 3150 αὐτοῦ
1856 3095 1914 3154 ἐς

306 3178 618 3246 Σαλαμῖνα·
659 3177 801 3255 μετοὶ
826 3177 886 3236 δὲ
911 3181 1076 3237 τοῦτο
1110 3176 1441 3237 διεδάσαντο
1475 3179 1579 3253 τὴν
1604 3177 1788 3252 ληίην,
1818 3176 1912 3236 καὶ

303 3260 376 3318 τοὶ
441 3263 727 3340 ἀκροθίνια
793 3263 1128 3340 ἀπέπεμψαν
1196 3268 1253 3327 ἐς
1319 3264 1602 3339 Δελφούς·
1672 3268 1733 3322 ἐκ
1800 3268 1912 3324 τῶν
