2259 3500
325 123 516 172 162-19
935 119 1347 171 ΠΡΨῙΧΟΡΒ.
1900 123 1931 176 7

322 201 430 277 μέτ
581 226 630 272 ν,
657 201 724 273 ἐξ
746 199 814 264 οὗ
837 202 1078 278 ὕστερον
1111 199 1323 260 τούτων
1350 197 1631 262 τάλαντον
1666 199 1934 282 ἀργυρίου

323 285 673 369 Ἀλεξάνδρῳ
723 289 936 368 ἤμέρης
994 287 1235 363 ἑκάστης
1269 287 1489 363 ἐφοίτα·
1556 288 1701 364 μετὰ
1752 289 1812 348 δὲ
1864 289 1931 351 τὸ

323 377 631 452 μέταλλον,
686 377 959 456 Δύσωρον
1014 374 1354 452 καλεόμενον
1396 375 1558 453 οὖρος
1594 376 1925 454 ύπερβοίντα

328 463 468 525 εἶναι
501 469 560 525 ἐν
589 465 930 545 Μακεδονίῃ.
1013 467 1088 525 Οἱ
1127 461 1204 524 ὦν
1234 464 1459 541 Πέρσαι
1492 467 1547 524 οἱ
1580 465 1930 542 πεμφθέντες
1949 468 2023 526 18

327 549 484 612 οὗτοι
528 552 681 631 παρὰ
721 554 822 615 τόν
859 553 1140 631 Ἀμύντην
1174 550 1247 614 ὥς
1282 551 1566 623 ἀπίκοντο,
1608 554 1793 614 αἴτεον
1834 557 1921 614 ἐλ-

327 639 518 704 θόντες
552 646 610 706 ἐς
653 640 787 720 ὄψιν
831 641 935 718 τήν
972 639 1257 718 Ἀμύντεω
1292 641 1509 720 Δαρείῳ
1542 641 1784 717 βασιλέϊ
1819 644 1931 722 γῆν

325 752 388 787 τε
410 728 502 787 καὶ
519 726 684 806 ὕδωρ·
721 728 756 790 ὅ
775 729 836 790 δὲ
861 727 1039 790 ταῦτα’.
1061 753 1124 790 τε
1151 727 1348 798 ἐδίδου,
1376 727 1474 786 καί
1496 735 1681 806 σφεας
1707 729 1799 790 ἐπὶ
1824 730 1930 800 ξεί·-

327 840 418 875 νια
457 817 664 876 καλέει·
709 815 1286 894 παρασκευασάμενος
1327 816 1385 876 δὲ
1426 816 1648 878 δεῖπνον
1683 821 1926 898 μεγαλο-

331 905 548 978 πρεπὲς,
591 904 806 964 ἐδέκετο
843 904 976 970 τοῦς
1014 905 1249 981 Πέρσας
1290 903 1666 981 φιλοφρόνως.
1750 903 1822 968 ὥς
1868 905 1928 966 δὲ

325 988 440 1049 αἶπό
476 990 698 1052 δείπνου
735 992 1008 1072 ἐγένοντο,
1039 991 1383 1055 διαπίνοντες
1417 992 1578 1052 εἶπαν
1612 995 1667 1052 οἱ
1703 992 1929 1070 Πέρσαι

325 1075 477 1138 τάδε·
519 1089 555 1114 “
571 1079 714 1148 ξεῖνε
749 1079 1042 1150 Μακεδών,
1068 1078 1205 1156 ἡμῖν
1240 1078 1409 1156 νόμος
1442 1079 1565 1140 ἐστὶ
1590 1082 1744 1140 τοῖσι
1780 1082 1925 1158 Πέρ-

326 1190 486 1243 σῃσι,
513 1167 682 1227 ἐπεὰν
707 1166 927 1228 δεῖπνον
951 1167 1347 1245 προτιθώμεθα
1366 1166 1532 1248 μέγα,
1558 1167 1686 1228 τότε
1711 1169 1805 1229 καὶ
1827 1167 1928 1232 τὰς

329 1253 624 1318 παλλακὰς
648 1254 742 1314 καὶ
765 1254 866 1318 τας
883 1255 1162 1332 κουριδίας
1174 1259 1435 1337 γυναῖκας
1461 1254 1771 1337 ἐσάγεσθαι
1802 1283 1941 1334 παρ-

328 1341 534 1418 έδρους·
615 1342 692 1403 σύ
723 1368 836 1414 νυν,
877 1343 1102 1420 ἐπείπερ
1138 1342 1436 1420 προθύμως
1466 1345 1571 1421 μὲν
1606 1343 1797 1414 ἐδέξαο
1828 1370 1925 1422 με·

325 1427 512 1509 γέλως
531 1431 596 1490 δὲ
621 1431 880 1502 ξεινίζεις,
907 1431 1077 1495 διδοῖς
1099 1457 1163 1492 τε
1188 1431 1431 1507 βασιλέϊ
1465 1433 1683 1511 Δαρείῳ
1716 1436 1825 1514 γῆν
1860 1458 1923 1494 τε

329 1517 420 1574 καὶ
444 1516 604 1595 ὕδωρ,
633 1518 762 1578 ἕπεο
798 1518 950 1598 νόμῳ
979 1523 1057 1597 τῷ
1082 1517 1383 1598 ἤμετέρῳ·”
1424 1517 1545 1580 εἶπε
1576 1519 1715 1596 πρὸς
1743 1523 1920 1580 ταῦτα

327 1601 620 1678 Ἀμύντης·
662 1615 697 1639 “
715 1604 758 1663 ὦ
789 1606 1030 1682 Πέρσαι,
1056 1604 1227 1682 νόμος
1257 1608 1361 1682 μὲν
1392 1605 1527 1684 ἡμῖν
1559 1608 1629 1686 γε’
1661 1612 1785 1668 ἐστι
1822 1606 1922 1668 ούκ

329 1687 508 1761 οὗτος,
549 1689 703 1751 ἀλλὰ
746 1693 1083 1772 κεχωρίσθαι
1121 1692 1323 1771 ἄνδρας
1362 1698 1652 1774 γυναικῶν·
1702 1695 1827 1755 ἐπεί
1858 1721 1922 1757 τε

326 1780 388 1839 δέ
411 1778 569 1856 ὑμεῖς
595 1779 776 1844 ἐόντες
797 1780 1069 1841 δεσπόται
1087 1781 1479 1861 προσχρῄζετε
1502 1783 1755 1852 τουτέων,
1782 1808 1923 1859 παρ-

327 1868 488 1937 έσται
525 1867 657 1945 ύμῖν
692 1868 784 1928 καὶ
820 1867 1046 1929 ταῦτα.”
1094 1870 1252 1934 εἴπας
1282 1874 1539 1931 τοσαῦτα
1578 1868 1610 1929 ὁ
1646 1868 1923 1947 Ἀμύντης

323 1956 706 2032 μετεπέμπετο
721 1955 824 2021 τοὶς
858 1961 1140 2038 γυναῖκας·
1190 1960 1250 2017 αἱ
1276 1956 1322 2019 δ’
1350 1960 1476 2019 ἐπεί
1492 1984 1559 2019 τε
1589 1957 1922 2035 καλεόμεναι

323 2039 516 2118 ἦλθον,
543 2042 804 2120 ἐπεξῆς’
767 2044 950 2104 αντίαι
977 2044 1161 2115 ἵζοντο
1184 2049 1337 2105 τοῖσι
1365 2047 1649 2125 Πέρσῃσι·
1684 2047 1921 2107 ἐνθαῦτα

325 2132 378 2189 οἶ
397 2132 620 2208 Πέρσαι
647 2131 890 2208 ἰδόμενοι
914 2135 1179 2213 γυναῖκας
1207 2132 1539 2211 εὐμόρφους,
1567 2136 1763 2215 ἔλεγον
1777 2160 1921 2210 προς

322 2213 598 2295 Ἀμύντην
643 2218 888 2329 φάμενοι
931 2229 967 2255 “
981 2219 1049 2280 τὸ
1094 2221 1327 2296 ποιηθὲν
1370 2225 1537 2283 τοῦτο
1584 2220 1741 2281 οὐδὲν
1782 2222 1921 2281 εἶναι

307 2306 529 2387 σοφόν·
573 2308 820 2383 κρέσσον
860 2334 970 2390 γαρ
1012 2308 1152 2369 εἶναι
1190 2308 1437 2387 αρχῆθεν
1474 2309 1556 2386 μὴ
1598 2310 1783 2369 ἐλθεῖν
1820 2336 1922 2374 τας

321 2398 598 2471 γυναῖκας,
637 2393 674 2469 ἦ
717 2394 996 2460 ἐλθούσας
1035 2397 1128 2455 καὶ
1174 2395 1255 2473 μὴ
1308 2397 1679 2474 παριζομένας
1732 2395 1920 2461 ἀντίας

321 2480 540 2550 ἵζεσθαι
565 2480 880 2562 ἀλγηδόνας
916 2490 1030 2561 σφι
1064 2482 1431 2560 ὄφθαλμῶν·”
1472 2482 1919 2566 ἀναγκαζόμενος

319 2566 380 2626 δὲ
405 2566 439 2627 o‘
471 2567 745 2646 Ἀμύντης
773 2571 990 2646 ἐκέλευε
1010 2571 1279 2647 παρίζειν·
1320 2572 1687 2647 πειθομενέων
1713 2573 1775 2631 δὲ
1809 2577 1920 2633 τῶν

316 2660 605 2735 γυναικῶν,
634 2656 832 2716 αὐτίκα
858 2660 912 2717 οἱ
938 2659 1163 2734 Πέρσαι
1186 2662 1421 2734 μαστῶν
1450 2684 1512 2719 τε
1538 2658 1799 2731 ἅπτοντο,
1828 2661 1920 2721 οἶα

316 2742 562 2807 πλεύνως
589 2744 892 2821 οἰνωμένοι,
921 2745 1018 2803 καί
1039 2772 1139 2804 κου
1163 2771 1247 2808 τις
1273 2746 1365 2804 καὶ
1394 2747 1610 2822 φιλέειν
1636 2751 1913 2825 ἐπειρᾶτο·

315 2827 590 2905 Ἀμύντης
618 2833 722 2908 μὲν
758 2831 828 2907 δὴ
863 2836 1040 2893 ταῦτα
1075 2831 1247 2911 ὁρέων
1272 2832 1514 2911 α’,τρέμας
1548 2834 1665 2913 εἶχε
1692 2836 1790 2894 καί
1810 2861 1915 2911 περ
1938 2838 2009 2894 19

316 2914 658 2993 δυσφορέων,
689 2918 780 2977 οἶα
804 2918 1238 2997 ὑπερδειμαίνων
1274 2919 1405 2984 τούς
1434 2922 1683 3001 Πέρσας·
1723 2922 1917 2993 Ἀλέξ-

314 3002 512 3080 ανδρος
532 3003 590 3062 δὲ
611 3003 642 3063 ὁ
663 3003 944 3083 Ἀμύντεω
963 3006 1184 3084 παρεών
1202 3034 1265 3067 τε
1293 3008 1386 3066 καὶ
1412 3008 1580 3085 ὁρέων
1598 3013 1791 3079 ταῦτα,
1819 3008 1917 3068 ἅτε

314 3091 436 3153 νέος
459 3116 524 3150 τε
548 3090 650 3151 ἐῶν
677 3093 768 3151 καὶ
796 3098 977 3155 κακῶν
1002 3094 1241 3171 ἀπαθὴς,
1280 3093 1532 3172 ούδαμῶς
1558 3097 1639 3155 ἔτι
1665 3097 1917 3175 κατέχειν

311 3177 428 3243 οἶός
453 3202 515 3239 τε
535 3177 626 3255 ἦν·
655 3178 802 3239 ὥστε
820 3181 880 3241 δὲ
894 3181 1115 3259 βαρέως
1136 3181 1322 3260 φέρων
1343 3181 1463 3241 εἶπε
1480 3180 1622 3258 πρὸς
1639 3180 1915 3257 Ἀμύντεα

308 3267 461 3328 τάδε·
504 3278 540 3303 “
557 3266 634 3326 σι)
671 3269 793 3344 μὲν,
835 3266 878 3327 ὦ
917 3270 1110 3347 πάτερ,
1155 3269 1267 3328 εἶκε
1304 3271 1379 3346 τῇ
1416 3267 1609 3345 ἡλικίῃ
1646 3266 1827 3329 οἷπιῶν
1854 3296 1917 3331 τε
