2259 3500
355 129 450 176 300
953 123 1318 172 ¹11P0Aomo‘r
1833 127 1955 192 [IX.

350 210 452 282 τῆς
495 207 664 280 ἰθείης
699 204 1193 279 Λακεδαιμονίοισι
1223 205 1513 279 πολέμιος·
1556 206 1623 264 οὖ
1664 207 1859 282 μέντοι
1890 232 1959 289 γε

352 299 408 356 ἐς
431 294 595 354 τέλος
623 295 677 350 οἳ
703 289 991 366 συνήνεικε
1014 317 1083 350 το
1117 291 1279 370 ἔχθος
1303 292 1369 350 τό
1406 296 1462 354 ἐς
1492 291 1959 370 Λακεδαιμονίους

352 380 852 490 συγκεκυρημένον·
893 378 1015 454 ἥλω
1041 378 1151 459 γοὶρ
1179 378 1585 457 μαντευόμενος
1613 385 1671 439 ἐν
1698 382 1959 465 Ζακύνθω

350 467 444 528 υπ’
507 467 703 537 αὐτῶν,
759 467 851 526 καὶ
904 465 1166 526 ἀπέθανε.
1248 467 1281 527 ὁ
1332 468 1437 543 μέν
1487 493 1583 528 νυν
1638 468 1871 534 θάνατος
1922 499 1955 532 ο

351 555 812 638 Ἡγησιστράτου
857 555 1092 633 ὕστερον
1148 557 1363 636 ἐγένετο
1415 560 1527 616 τῶν
1574 561 1954 621 Πλαταιῖκῶν·

349 644 478 707 τότε
505 645 551 704 δ’
580 646 672 704 ἐπὶ
696 649 774 724 τῷ
802 643 1042 723 Ἀσωπῷ
1079 643 1377 722 Μαρδονίῳ
1403 645 1828 722 μεμισθωμένος
1854 673 1955 708 ουκ

351 732 567 814 ολίγου,
597 731 786 793 ἐθύετό
813 758 876 793 τε
905 732 996 790 καὶ
1023 732 1397 809 προεθυμέετο
1428 731 1571 791 κατά
1604 759 1666 792 τε
1696 733 1763 823 τό
1793 735 1954 814 ἔχθος

353 820 419 880 τό
447 821 894 898 Λακεδαιμονίων
921 819 1014 878 καὶ
1043 845 1183 879 κατα
1208 845 1273 879 το
1302 819 1502 897 κέρδος.

255 907 336 967 38
433 908 530 972 Ὡς
556 909 616 968 δὲ
637 907 738 968 οὐκ
757 907 1139 984 ἐκαλλιέρεε
1097 934 1243 968 ωστε
1261 906 1564 987 μάχεσθαι,
1587 907 1712 968 οὔτε
1732 909 1955 972 αὐτοῖσι

352 999 634 1076 Πέρσῃσι,
681 995 806 1056 οὔτε
841 1001 993 1056 τοῖσι
1035 996 1153 1073 μετ’
1196 998 1409 1056 ἐκείνων
1452 1000 1611 1056 ἐοῦσι
1643 997 1953 1074 Ἑλλήνων·

351 1085 532 1166 (εἶχον
557 1085 667 1166 γὰρ
697 1087 788 1144 καὶ
815 1083 968 1144 οὗτοι
1006 1083 1089 1143 ἐπ’
1117 1088 1327 1144 ἑωυτῶν
1358 1083 1557 1160 μάντιν
1581 1085 1951 1166 Ἱππόμαχον,

351 1173 656 1232 Λευκάδιον
683 1172 898 1252 ἄνδρω)
941 1171 1301 1249 ἐπιρρεόντων
1328 1172 1389 1232 δὲ
1410 1177 1521 1233 τῶν
1546 1173 1835 1249 Ἑλλήνων
1860 1176 1953 1234 καὶ

350 1261 653 1340 γινομένων
705 1259 969 1333 πλεύνων,
1016 1259 1381 1340 Τιμηγενίδης
1424 1259 1459 1320 ὅ
1494 1259 1758 1338 Ἕρπυος,
1813 1261 1953 1340 ἀνὴρ

352 1351 622 1424 Θηβαῖος,
656 1348 1074 1424 συνεβούλευσε
1111 1349 1409 1428 Μαρδονίῳ
1433 1349 1535 1412 τοὶς
1571 1349 1819 1426 ἐκβολάς
1853 1357 1955 1411 τοῦ

353 1439 698 1514 Κιθαιρῶνος
740 1435 1001 1512 φυλάξαι,
1041 1437 1221 1517 λέγων
1264 1436 1334 1500 ὦς
1374 1437 1691 1514 ἐπιρρέουσι
1732 1442 1786 1498 οἱ
1814 1438 1952 1498 Ἐλ-

349 1529 514 1600 ληνες
547 1527 652 1585 αἰεὶ
689 1525 794 1585 οἷνοὶ
830 1529 1024 1585 πᾶσαν
1063 1525 1291 1603 ἡμέρην,
1322 1527 1413 1584 καὶ
1452 1525 1523 1588 ὥς
1552 1525 1953 1606 ἀπολάμψοιτο

257 1615 331 1672 39
351 1614 604 1693 συχνούς.
691 1613 932 1691 Ἡμέραι
959 1613 1022 1672 δέ
1045 1618 1161 1690 σφι
1192 1613 1678 1689 ἀντικατημένοισι
1701 1613 1863 1692 ἦδη’
1836 1641 1951 1695 εγε-

350 1702 590 1783 γόνεσαν
619 1703 779 1774 ὀκτω,
810 1703 902 1763 ὅτε
928 1705 1106 1763 ταῦτα
1139 1705 1339 1766 ἐκεῖνος
1378 1702 1752 1778 συνεβούλευε
1790 1709 1953 1782 Μαρ-

352 1791 529 1871 δονίω·
572 1820 604 1852 ο
647 1793 705 1851 δὲ
744 1792 937 1870 μαθων
975 1790 1080 1866 τὴν
1110 1791 1439 1869 παραίνεσιν
1480 1816 1539 1849 ευ
1582 1792 1839 1899 ἔχουσαν,
1882 1792 1953 1857 ὥς

353 1879 597 1989 εὐφρόνη
635 1879 867 1959 ἐγένετο,
895 1878 1103 1954 πέμπει
1138 1878 1244 1954 τήν
1276 1879 1446 1938 ἶπον
1481 1882 1537 1941 ἐς
1570 1880 1672 1941 τοὶς
1708 1880 1954 1955 ἐκβολὰς

350 1966 450 2029 τοὶς
492 1968 908 2045 Κιθαιρωνίδας,
948 1992 1006 2025 αι
1047 1966 1139 2025 ἐπὶ
1175 1968 1507 2027 Πλαταιέων
1550 1967 1807 2043 φέρουσι·
1852 1994 1953 2031 τας

351 2056 586 2115 Βοιωτοὶ
612 2057 714 2130 μὲν
746 2057 905 2130 Τρεῖς
943 2052 1223 2128 Κεφαλοῖς
1260 2055 1543 2127 καλέουσι,
1573 2053 1861 2131 Ἀθηναῖοι
1892 2055 1953 2115 δὲ

352 2142 533 2219 Δρυὸς
601 2139 892 2216 Κεφαλάς.
979 2141 1329 2217 πεμφθέντες
1381 2142 1441 2201 δὲ
1496 2145 1548 2201 οἱ
1604 2141 1835 2202 ἱππόται
1886 2141 1953 2202 οὗ

347 2228 532 2305 μάτην
584 2227 869 2288 ἀπίκοντο·
949 2228 1319 2305 ἐσβάλλοντα
1371 2229 1479 2310 γὰρ
1536 2235 1591 2293 ἐς
1640 2230 1709 2291 vo*
1762 2231 1952 2294 πεδίον

351 2314 718 2393 λαμβάνουσι
752 2317 1026 2399 ὑποζύγιά
1063 2344 1125 2377 τε
1167 2316 1524 2388 πεντακόσια,
1554 2318 1710 2377 σιτία
1742 2317 1953 2399 ἄγοντα

353 2403 466 2464 α’,πὸ
503 2404 948 2482 Πελοποννήσου
985 2410 1039 2469 ἐς
1073 2404 1141 2465 ra
1184 2405 1581 2483 στρατόπεδον,
1620 2406 1713 2465 καὶ
1748 2406 1950 2483 ἀνθρώ-

351 2518 488 2557 πους
536 2493 588 2553 οἳ
632 2492 853 2555 εἵποντο
895 2496 1048 2554 τοῖσι
1091 2493 1331 2575 ζεύγεσι·
1382 2492 1602 2558 ἑλόντες
1645 2494 1705 2553 δὲ
1746 2493 1953 2570 ταύτην

349 2580 450 2657 τὴν
487 2580 664 2662 ἄγρην
702 2585 755 2642 οἶ
788 2583 1012 2659 Πέρσαι
1050 2580 1317 2657 α’φειδέως
1352 2580 1635 2659 ἐφόνευον,
1664 2580 1729 2641 οὗ
1766 2579 1951 2659 φειδό-

347 2695 505 2747 μενοι
534 2668 658 2729 οὕτε
693 2669 992 2749 ὑποζυγίου
1033 2668 1253 2734 οὐδενός
1284 2668 1410 2729 οὔτε
1442 2668 1753 2748 ἀνθρώπου·
1796 2667 1867 2732 ὥς
1892 2669 1953 2729 δὲ

352 2754 489 2832 ἅδην
543 2757 696 2835 εἶχον
749 2757 1062 2827 κτείνοντες,
1115 2756 1189 2817 ro)
1247 2757 1423 2817 λοιπά
1478 2756 1655 2817 αὐτῶν
1708 2756 1953 2833 ἤλαυνον

351 2844 830 2921 περιβαλλόμενοι
855 2842 1009 2921 παρά
1041 2868 1103 2903 τε
1138 2844 1456 2921 Μαρδόνιον
1491 2846 1583 2904 καὶ
1608 2849 1664 2909 ἐς
1687 2844 1755 2905 τὸ
1782 2870 1954 2921 στρα-

349 2932 596 2993 τόπεδον.

255 3021 334 3079 40
431 3018 594 3078 Μετὰ
631 3020 690 3079 δὲ
719 3021 888 3079 τοῦτο
922 3019 990 3079 τὸ
1027 3020 1189 3099 ἔργον
1228 3021 1417 3097 ἐτέρας
1460 3019 1559 3080 δύο
1600 3021 1812 3097 ἡμέρας
1848 3020 1955 3081 διέ-

349 3115 568 3183 τριψαν,
602 3106 878 3184 οὖδέτεροι
918 3102 1262 3181 βουλόμενοι
1304 3106 1489 3185 μάχης
1534 3106 1715 3184 ἄρξαι·
1783 3109 1956 3187 μέχρι

349 3196 453 3267 μὲν
504 3192 616 3271 γὰρ
666 3197 766 3251 τοῦ
805 3190 1070 3250 Ἀσωποῦ
1116 3192 1357 3267 ἐπήῖσαν
1403 3197 1455 3252 οἶ
1496 3194 1789 3273 βάρβαροι
1836 3222 1955 3255 πει-

349 3277 585 3353 ρώμενοι
627 3282 738 3339 τῶν
777 3276 1083 3353 Ἑλλήνων,
1130 3278 1413 3355 διέβαινον
1460 3278 1521 3339 δὲ
1574 3281 1869 3359 οὐδέτεροι·
1913 3309 1955 3359 η
