2259 3500
357 138 572 205 47—52]
1043 143 1269 193 mmm.
1896 147 1955 196 77

353 245 426 279 τα
469 221 624 283 ἰθέως
662 223 951 298 Ἀθηναῖοι
993 206 1273 293 ἐπεκέατδ,
1319 223 1601 286 δοκέοντες
1644 224 1736 282 ἐπὶ
1781 225 1960 300 σφίσι

355 309 584 386 ἔχοντας
608 307 736 372 τούς
762 309 1064 390 Αἰγινήτας
1087 310 1379 370 δεδωκέναι
1404 309 1477 374 οἷς
1503 310 1622 387 ἅμα
1646 315 1723 390 τῷ
1750 313 1953 390 Πέρσῃ

355 397 448 456 ἐπὶ
488 397 674 472 σφέας
720 397 1148 474 στρατεύωνται·
1198 399 1290 457 καὶ
1336 398 1575 475 ἅσμενοι
1626 400 1953 476 προφάσιος

356 484 724 560 ἐπελάβοντο,
755 485 1074 561 φοιτέοντές
1104 510 1169 546 τε
1204 490 1259 548 ἐς
1292 485 1397 562 τήν
1424 486 1691 564 Σπάρτην
1720 486 1955 568 κατηγό-

351 598 480 647 ρεον
504 577 612 633 τῶν
639 574 975 654 Αἰγινητέων
1011 571 1084 633 τὰ
1121 572 1479 650 πεποιήκοιεν
1518 575 1817 651 προδόντες
1850 575 1954 650 τήν

351 659 622 720 Ἑλλάδα.
708 662 865 738 Πρός
906 661 1113 737 ταύτην
1156 661 1215 720 δὲ
1248 662 1351 737 τήν
1390 662 1725 742 κατηγορίην
1768 668 1947 722 Κλεο-
1968 666 2047 724 50

350 749 517 824 μένης
552 749 584 808 ὁ
611 749 1062 826 Ἀναξανδρίδεω,
1091 748 1373 825 βασιλεῦς
1408 749 1511 809 ε’ὠν
1545 751 1951 827 Σπαρτιητέων,

353 835 518 911 διέβη
546 841 600 899 ἐς
627 838 861 917 Αἴγιναν
885 836 1239 914 βουλόμενος
1270 838 1591 912 συλλαβεῖν
1617 838 1952 918 Αἰγινητέων

350 923 480 985 τοῦς
531 924 901 988 αἰτιωτάτους·
957 924 1028 988 ὦς
1077 925 1140 983 δὲ
1194 928 1450 1002 ἐπειρᾶτο
1510 924 1951 1000 συλλαμβάνων,

351 1009 522 1071 ἄλλοι
557 1037 620 1071 τε
655 1012 724 1088 δὴ
761 1008 1183 1094 αὐτῷ’ἐγίνοντο
1212 1012 1455 1083 οἷντίξοοι
1480 1017 1591 1073 τῶν
1616 1014 1953 1093 Αἰγινητέων

352 1102 409 1156 ἐν
446 1098 504 1158 δὲ
541 1099 610 1176 δή
649 1101 740 1159 καὶ
769 1105 944 1178 Κρῖος
979 1128 1010 1160 ο
1045 1101 1403 1178 Πολυκρίτου
1437 1099 1713 1177 μάλιστα·
1756 1126 1817 1163 ος
1832 1127 1951 1211 :emm

351 1188 459 1263 ἔφη
503 1187 671 1249 αυτὸν
709 1188 904 1248 ουδένα
937 1187 1088 1257 αξειν
1124 1189 1393 1267 χαίροντα
1424 1190 1779 1288 Αἰγινητέων·
1820 1187 1951 1248 ἄνευ

349 1273 455 1352 γάρ
491 1302 588 1352 μιν
618 1277 1006 1353 Σπαρτιητέων
1047 1280 1148 1335 τοῦ
1186 1279 1371 1337 κοινοῦ
1406 1263 1615 1336 ποιέειν
1645 1281 1823 1336 ταῦτα
1854 1275 1949 1335 υπ’

348 1360 652 1438 Ἀθηναίων
688 1363 1112 1445 ἀναγνωσθέντα
1152 1364 1429 1443 χρήμασι·
1470 1363 1589 1442 ἅμα
1612 1391 1723 1446 γαρ
1750 1391 1821 1424 αν
1849 1390 1949 1441 μιν

347 1454 426 1528 τῷ
464 1453 626 1532 ἑτέρῳ
665 1453 910 1528 βασιλέϊ
949 1452 1189 1512 ἐλθόντα
1214 1452 1663 1529 συλλαμβάνειν·
1706 1455 1865 1533 ἔλεγε
1889 1452 1948 1511 δὲ

348 1541 524 1596 ταῦτα
551 1541 612 1608 ἐξ
637 1543 946 1615 ἐπιστολῆς
967 1545 1068 1616 τῆς
1095 1539 1459 1618 Δημαρήτου.
1534 1541 1861 1616 Κλεομένης
1884 1540 1945 1598 δὲ

349 1622 794 1702 ἀπελαυνόμενος
823 1632 882 1685 ἐκ
907 1632 1010 1703 τῆς
1035 1629 1279 1708 Αἰγίνης,
1302 1627 1477 1704 εἴρετο
1502 1628 1601 1686 τὸν
1628 1632 1807 1704 Κρῖον
1835 1627 1866 1688 ὅ
1891 1654 1947 1688 τι

350 1714 404 1772 οἶ
432 1713 516 1790 εἴη
541 1713 608 1775 τὰ
637 1712 870 1792 οὔνομα;
915 1713 947 1774 ὄ
974 1715 1032 1774 δὲ
1057 1714 1124 1775 τό
1154 1715 1245 1776 ἐὰν
1266 1715 1483 1793 ἔφρασέ
1508 1718 1581 1774 οἱ·
1625 1713 1657 1775 ὁ
1684 1715 1742 1773 δὲ
1764 1719 1947 1773 Κλεο·

346 1803 515 1878 μένης
556 1806 698 1881 πρός
743 1802 909 1864 αὐτόν
955 1804 1084 1881 ἔφη·
1131 1803 1287 1880 ί(ἤδη
1335 1807 1431 1863 νῦν
1480 1802 1854 1881 καταχάλκου,
1902 1802 1947 1862 ὦ

347 1894 503 1967 Κριὲ,
530 1893 602 1951 τσῖ
629 1892 805 1969 κέρεα,
837 1892 906 1956 ὥς
933 1892 1335 1969 συνοισόμενος
1359 1890 1589 1974 μεγάλῳ
1616 1890 1813 1969 κακῷ.”

425 1979 522 2041 Ἐν
559 1982 617 2040 δὲ
659 1985 731 2060 τῇ
768 1980 1002 2061 Σπάρτῃ
1036 1985 1238 2042 τοῦτον
1278 2008 1375 2042 τον
1412 1981 1635 2060 χρόνον
1654 1980 1940 2057 ὑπομένων
1957 1983 2029 2041 51

345 2068 682 2146 Δημάρητος
719 2069 752 2130 ὅ
778 2070 1114 2147 Ἀρίστωνος
1156 2070 1429 2146 διέβαλλε
1468 2068 1567 2129 τόν
1600 2070 1941 2145 Κλεομένεα,

346 2154 446 2215 ε’ων
481 2158 760 2233 βασιλευς
797 2160 889 2216 καὶ
927 2184 1086 2221 ουτος
1115 2158 1505 2235 Σπαρτιητέων
1542 2158 1715 2233 οἰκίης
1752 2156 1812 2215 δὲ
1844 2161 1945 2232 τῆς

343 2242 764 2323 υποδεεοτέρης·
807 2246 922 2304 κατ’
949 2244 1098 2306 ἄλλο
1126 2248 1230 2323 μὲν
1259 2244 1415 2305 ουδὲν
1440 2246 1941 2322 υποδεεστέρης,·-

345 2356 458 2389 απο
484 2333 594 2411 γοὶρ
623 2338 724 2392 τοῦ
757 2332 928 2391 αὐτοῦ
953 2333 1466 2415 γεγόνασι,--κατα
1500 2333 1942 2413 πρεσβυγενείην

347 2417 409 2475 δέ
435 2444 538 2481 κως
561 2446 848 2497 τετιμηται
873 2426 1098 2512 μᾶλλον
1124 2421 1162 2497 ἢ
1190 2421 1588 2498 Ευρυσθένεος.
1669 2422 1936 2480 Λακεδαι-
1957 2424 2034 2479 52

345 2504 528 2580 μόνιοι
562 2534 672 2587 γαρ
713 2497 1111 2589 ὁμολογέοντες
1140 2508 1319 2568 ουδενὶ
1345 2514 1551 2587 ποιητῇ
1576 2510 1813 2588 λέγουσι
1848 2535 1940 2567 αυ-

343 2592 444 2652 τὸν
469 2593 895 2673 Ἀριστόδημον,
922 2624 1022 2657 τον
1047 2596 1467 2677 Ἀριστομάχου
1497 2624 1597 2657 του
1626 2597 1941 2655 Κλεοδαίου

342 2685 444 2739 τοῦ
469 2681 706 2753 ’Ύλλου,
733 2685 1116 2760 βασιλεύοντα
1142 2690 1384 2767 ἀγαγεῖν
1420 2685 1605 2761 σφέας
1642 2690 1697 2747 ἐς
1731 2683 1939 2759 ταύτην

342 2768 444 2843 τήν
478 2771 666 2849 χώρην
699 2773 802 2847 τὴν
837 2776 935 2833 νῦν
973 2776 1238 2845 ἐκτέαται,
1268 2772 1397 2832 ἀλλ’
1426 2772 1493 2834 οὗ
1526 2774 1656 2836 τοῦς
1679 2772 1937 2849 Ἀριστο-

343 2857 522 2934 δήμου
557 2860 774 2923 παῖδας·
814 2860 958 2937 μετὰ
987 2863 1046 2921 δὲ
1071 2862 1277 2941 χρόνον
1308 2860 1374 2921 οὗ
1413 2862 1652 2931 πολλὰν,
1680 2860 1937 2937 Ἀριστο·

343 2944 496 3025 δήμῳ
533 2951 712 3007 τεκεῖν
745 2949 848 3024 τήν
887 2955 1120 3031 γυναῖκα
1155 2956 1227 3031 τῇ
1258 2950 1470 3028 οὕνομα.
1496 2949 1634 3010 εἶναι
1657 2948 1936 3027 Ἀργείην·

343 3036 618 3115 θυγατέρα
663 3036 722 3094 δὲ
764 3036 936 3113 αὐτὴν
983 3040 1219 3120 λέγουσι
1266 3039 1405 3097 εἶναι
1449 3036 1795 3098 Αὐτεσίωνος
1839 3040 1941 3094 τοῦ

340 3128 657 3200 Τισαμενοῦ
699 3129 801 3185 τοῦ
837 3126 1191 3204 Θερσάνδρου
1239 3128 1339 3187 τοῦ
1384 3126 1771 3185 Πολυνείκεος·
1812 3123 1939 3181 ταύ-

337 3237 441 3287 την
477 3214 536 3272 δὲ
566 3218 746 3273 τεκεῖν
773 3214 991 3289 δίδυμα·
1036 3216 1292 3275 ἐπιδόντα
1321 3216 1379 3272 δὲ
1405 3212 1503 3271 τὸν
1528 3210 1938 3286 Ἀριστόδημον

335 3300 407 3359 τοὶ
451 3303 616 3364 τέκνα
659 3300 844 3379 νούσῳ
887 3305 1169 3373 τελευτᾶν,
1208 3300 1673 3373 Λακεδαιμονίους
1712 3297 1772 3356 δὲ
1812 3297 1940 3361 τούς

347 3382 369 3429 I
377 3384 408 3431 [.
431 3389 508 3441 -Ἷ
