2259 3500
289 100 388 147 204
899 96 1269 145 ἭΡοΔοΤοτ
1740 95 1892 159 [vn.

287 181 552 238 τοσοῦτοι
570 179 676 255 μὲν
687 173 986 253 Ἀρκάδων·
1015 173 1127 234 οἷπό
1148 174 1209 233 δὲ
1228 174 1509 250 Κορίνθου
1522 174 1895 252 τετρακόσιοι·

291 266 384 325 καὶ
411 264 524 325 ‹in—6
553 268 860 327 Φλιοῦντος
892 263 1185 339 διηκόσιοι·
1230 263 1320 321 καὶ
1353 264 1687 337 Μυκηναίων
1725 262 1897 343 ὀγδώ-

289 378 478 414 κοντα.
539 350 692 412 οὗτοι
715 354 818 428 μὲν
845 351 958 411 οἷπὸ
986 350 1431 425 Πελοποννήσου
1457 354 1741 427 παρῆσαν·
1780 346 1894 411 άπὸ

291 440 352 501 δὲ
391 446 664 511 Βοιωτῶν,
707 439 992 499 Θεσπιέων
1030 464 1094 498 τε
1135 438 1459 499 ἑπτακόσιοι
1498 439 1589 496 καὶ
1628 440 1895 514 Θηβαίων

193 530 317 588 203
331 528 701 607 τετρακόσιοι.
799 527 955 605 Πρός
1008 526 1259 587 τούτοισι
1308 527 1595 601 ἐπίκλητοι
1641 527 1897 606 ἐγένοντο

289 618 506 696 Λοκροί
543 644 605 677 τε
653 620 706 677 οἱ
746 614 1065 677 Ὀπούντιοι
1106 617 1475 692 πανστρατιῇ,
1524 613 1616 673 καὶ
1663 615 1895 674 Φωκέων

291 707 488 783 xmae..
531 704 690 765 αὐτοὶ
713 704 824 786 γάρ
862 710 1046 781 σφεας
1081 704 1497 762 ἐπεκαλέσαντο
1526 704 1578 761 οἱ
1595 700 1893 778 Ἕλληνες,

288 794 550 874 λέγοντες
575 792 642 852 δι’
668 792 925 873 ἀγγέλων
951 791 1022 855 ὥς
1051 790 1211 850 αὐτοὶ
1246 792 1349 868 μὲν
1372 788 1561 865 ἥκοιεν
1586 789 1897 867 πρόδρομοι

289 884 401 941 τῶν
426 879 632 951 ἄλλων,
663 883 715 940 οἶ
743 881 804 939 δὲ
829 880 1022 939 λοιποὶ
1046 883 1157 938 τῶν
1183 876 1496 956 συμμάχων
1522 876 1897 955 προσδόκιμοι

291 973 485 1029 πᾶσαν
507 968 614 1030 εἶεν
633 967 865 1045 ἡμέρην·
891 965 929 1043 ἦ
953 966 1226 1027 θάλασσα’,
1243 967 1307 1025 τὲ
1326 970 1439 1041 σφι
1460 965 1545 1041 εἴη
1566 971 1625 1025 ἐν
1646 968 1895 1045 φυλακῇ,

229 1063 234 1067 '
288 1055 382 1115 ὕπ’
421 1055 728 1131 Ἀθηναίων
767 1080 829 1114 τε
870 1058 1256 1132 φρουρεομένη
1296 1054 1389 1113 καὶ
1428 1053 1765 1134 Αἰγινητέων
1806 1054 1899 1112 καὶ

288 1146 399 1203 τῶν
425 1148 480 1205 ἐς
507 1143 607 1203 τόν
633 1142 889 1202 ναυτικὸν
916 1140 1161 1219 στρατόν
1186 1141 1519 1220 ταχθέντων,
1549 1141 1646 1200 καί
1672 1147 1784 1216 σφι
1813 1142 1898 1217 εἴη

292 1230 471 1291 δεινὰν
516 1228 692 1291 οὐδέν·
746 1228 812 1289 οὔ
857 1228 968 1310 γάρ
1011 1228 1139 1290 θεὸν
1186 1229 1325 1289 εἶναι
1378 1227 1476 1288 τὸν
1523 1228 1753 1289 ἐπιόντα
1804 1229 1899 1287 ἐπὶ

289 1318 396 1394 τὴν
412 1318 684 1390 Ἑλλάδα,
704 1317 835 1377 ἀλλ’
855 1316 1167 1394 ἄνθρωπον·
1200 1316 1340 1378 εἶναι
1366 1317 1427 1375 δὲ
1454 1317 1655 1393 θνητόν
1682 1315 1895 1388 οὐδένα,

292 1406 420 1465 οὐδὲ
454 1406 705 1477 ἔσεσθαι,
729 1410 806 1485 τῷ
838 1406 1018 1465 κακόν-
1039 1405 1103 1475 ἐξ
1134 1404 1313 1483 ἀρχῆς
1337 1406 1606 1486 γινομένῳ
1634 1403 1699 1463 οὗ
1737 1430 1897 1463 συνε-·

289 1495 488 1575 μίχθη·
521 1498 676 1555 τοῖσι
703 1496 762 1555 δὲ
787 1495 1112 1575 μεγίστοισι
1138 1491 1319 1553 αὐτῶν
1342 1492 1606 1573 μέγιστα·
1644 1490 1899 1568 ὀφείλειν

293 1581 368 1643 ὧν
403 1584 496 1643 καὶ
533 1583 634 1645 τὸν
665 1582 1058 1651 ἐπελαύνοντα,
1095 1580 1168 1645 οἷς
1204 1581 1366 1641 ἐόντα
1403 1579 1621 1655 θνητὸν,
1650 1579 1763 1640 οἷπό
1796 1583 1899 1657 τῆς

291 1670 454 1749 δόξης
479 1672 704 1732 πεσέειν
723 1670 810 1732 ἅν·
844 1674 898 1731 οἱ
923 1670 981 1729 δὲ
999 1674 1177 1730 ταῦτα
1196 1667 1601 1745 πυνθανόμενοι
1624 1666 1899 1745 ἐβοήθεον

293 1763 348 1824 ἔς
371 1760 477 1837 τὴν
502 1765 773 1841 Τρηχῖνα.
1200 1829 1213 1836 -

196 1849 316 1907 204
396 1848 662 1910 Τούτοισι
681 1847 832 1924 ἦσαν
855 1849 960 1925 μέν
986 1873 1082 1908 νυν
1109 1848 1201 1906 καὶ
1226 1845 1402 1906 ἄλλοι
1426 1844 1736 1926 στρατηγοὶ
1756 1847 1899 1904 κατὰ

289 1935 494 2001 πόλιας
535 1936 801 1996 ἑκάστων·
869 1935 902 1996 ὅ
945 1936 1004 1994 δὲ
1051 1935 1439 2012 θωμαζόμενος
1491 1934 1749 2012 μάλιστα
1803 1933 1897 1992 καὶ

290 2025 500 2089 παντὸς
536 2028 637 2083 τσῦ
681 2022 1096 2100 στρατεύματος
1125 2021 1431 2103 ἡγεόμενος
1462 2020 1898 2098 Λακεδαιμόνιος

228 2119 234 2128 ’
288 2110 360 2186 ἦν
409 2112 688 2186 Λεωνίδης
739 2110 772 2170 ὁ
823 2109 1275 2187 Ἀναξανδρίδεω,
1327 2114 1428 2170 τοῦ
1482 2110 1738 2178 Λέοντος,
1794 2104 1898 2168 τοῦ

296 2197 722 2276 Εὐρυκρατίδεω,
764 2203 864 2258 τοῦ
917 2197 1310 2276 Ἀναξάνδρου,
1352 2202 1453 2257 τοῦ
1499 2196 1899 2274 Εὐρυκράτεος,

291 2290 410 2346 τοῦ.
422 2285 783 2363 Πολυδώρου,
801 2289 902 2346 τοῦ
922 2285 1314 2363 Ἀλκαμένεος,
1332 2289 1435 2345 τσῦ
1455 2286 1765 2362 Τηλέκλου,
1792 2285 1898 2343 τοῦ

289 2373 590 2452 Ἀρχέλεω,
626 2378 726 2434 τοῦ
750 2374 1094 2455 Ἡγησίλεω,
1129 2378 1231 2434 τοῦ
1271 2373 1595 2450 Δορύσσου,
1623 2376 1724 2432 τοῦ
1748 2378 1897 2430 Λεω-

291 2461 492 2538 βότεω,
547 2464 648 2522 τοῦ
698 2460 1096 2542 Ἐχεστράτου,
1146 2464 1263 2521 τοῦ
1292 2461 1513 2540 Ἤγιος,
1567 2465 1668 2520 τοῦ
1722 2458 1899 2536 Εὐρυ-

291 2549 534 2620 σθένεος,
575 2552 675 2608 τοῧ
705 2548 1135 2628 Ἀριστοδήμου,
1172 2552 1273 2607 τοῦ
1313 2546 1755 2626 Ἀριστομάχου,
1793 2548 1895 2605 τοῦ

296 2637 630 2707 Κλεοδαίου,
657 2640 759 2697 τοῦ
789 2636 1028 2706 Ὕλλου,
1055 2640 1158 2697 τοῦ
1192 2636 1522 2714 Ἡρακλέος,
1552 2634 1899 2711 κτησάμενος

197 2728 314 2786 205
331 2726 434 2802 τὴν
451 2726 769 2802 βασιληίην
789 2729 847 2785 ἐν
869 2723 1102 2803 Σπάρτῃ
1123 2723 1187 2794 ἐξ
1204 2723 1651 2801 ἀπροσδοκήτου.
1708 2721 1899 2790 Διξῶν

290 2813 402 2894 γάρ
438 2817 492 2873 οἱ
535 2814 732 2874 ἐόντων
765 2813 1167 2920 πρεσφτέρων
1198 2810 1503 2888 ἀδελφεῶν,
1548 2802 1901 2887 Κλεομένεός

289 2927 353 2962 τε
383 2903 474 2961 καὶ
501 2901 759 2979 Δωριέος,
790 2901 1119 2975 άπεληλατο
1156 2903 1256 2974 τῆς
1289 2899 1587 2977 φροντίδος
1624 2898 1751 2974 περὶ
1798 2899 1901 2971 τῆς

294 2991 626 3067 βασιληίης·
694 2987 1073 3050 ἀποθανόντος
1127 2987 1188 3046 δὲ
1248 2987 1598 3064 Κλεομένεος
1663 2984 1897 3059 ἄπαιδος

293 3079 516 3155 ἔρσενος
543 3077 730 3159 γόνου,
758 3076 999 3155 Δωριέος
1015 3101 1078 3135 τε
1106 3074 1292 3136 οὐκέτι
1318 3074 1505 3136 ἐόντος
1530 3072 1685 3151 άλλᾶ
1712 3077 1899 3132 τελευ-

292 3164 570 3240 τήσαντος
597 3166 690 3224 καὶ
714 3164 914 3225 τούτου
941 3169 1000 3223 ἐν
1020 3162 1268 3241 Σικελίῃ,
1291 3161 1433 3222 οὕτω
1455 3160 1524 3237 δὴ
1546 3166 1601 3223 ἐς
1618 3157 1901 3234 Λεωνίδην

296 3248 555 3324 ἆνέβαινε
587 3252 626 3325 ἦ
668 3252 971 3326 βασιληίη·
1027 3250 1119 3308 καὶ
1154 3249 1297 3308 διότι
1335 3248 1607 3325 πρότερος
1648 3245 1901 3326 ἐγεγόνεε
