2259 3500
334 102 432 151 222
953 99 1319 149 ‘HPOAOTOT
1754 100 1938 165 [v111.

331 207 432 242 του
457 180 710 240 τάλαντα
733 178 999 261 οἷργυρίου
1030 180 1178 256 τρία.
1264 176 1423 239 οὗτοί
1442 204 1505 239 τε
1530 176 1600 255 δή
1632 181 1943 260 πληγέντες

334 267 561 345 δάροισι
599 266 1068 343 ἀναπεπεισμένοι
1119 265 1285 341 ἦσαν,
1329 266 1419 325 καὶ
1457 270 1612 326 τοῖσι
1650 266 1935 342 Εὗβοέεσι

334 356 679 434 ἐκεχάριστο·
765 353 930 417 αὐτός
987 380 1049 414 τε
1101 353 1135 413 ὅ
1189 354 1606 431 Θεμιστοκλεης
1670 355 1937 435 ἐκέρδῃνε,

335 442 603 503 ἐλάνθανε
655 442 716 501 δὲ
760 467 831 501 τα
885 440 1060 500 λοιποὶ
1106 442 1265 521 ἔχων·
1334 440 1466 499 αλλ’
1519 440 1833 517 ἠπιστέατο
1887 448 1941 503 οῖ

333 528 752 608 μεταλαβόντες
790 529 998 589 τούτων
1037 533 1147 589 τῶν
1185 528 1483 607 χρημάτων
1524 533 1585 587 ἐκ
1623 532 1735 589 τῶν
1774 528 1939 607 Ἀθη-

334 620 499 677 ναίων
527 618 710 677 ἐλθεῖν
737 618 830 676 ἐπὶ
851 622 930 697 τῷ
956 616 1108 697 λόγῳ
1134 616 1311 695 τούτῳ
1337 615 1409 675 τοὶ
1432 615 1714 694 χρήματα.

281 708 316 765 6
419 704 578 765 Οὕτω
606 705 673 782 δὴ
701 705 1026 783 κατέμεινάν
1050 730 1112 763 τε
1140 710 1198 765 ἐν
1223 709 1294 783 τῇ
1320 703 1557 781 Εὐβοίῃ,
1588 704 1679 762 καὶ
1706 706 1938 781 ἐναυμά-

333 818 535 871 χησαν.
625 794 840 874 ἐγένετο
867 793 926 852 δὲ
965 790 1084 851 ὦδε·
1129 792 1254 851 ἐπεί
1284 817 1346 851 τε
1378 790 1445 866 δὴ
1473 796 1529 853 ἐς
1559 790 1659 855 τοὶς
1693 791 1938 868 Ἀφέτας

331 882 460 958 περὶ
487 882 678 958 δείλην
703 880 915 958 πρωίην
948 880 1247 961 γινομένην
1282 878 1519 938 ἀπίκατο
1548 882 1601 937 οἱ
1625 879 1933 957 βάρβαροι,

333 969 639 1046 πυθόμενοι
660 973 769 1046 μὲν
796 970 876 1029 ἔτι
903 971 994 1027 καὶ
1029 967 1301 1045 πρότερον
1326 967 1453 1044 περὶ
1488 966 1553 1025 τὸ
1580 966 1937 1043 Ἀρτεμίσιον

332 1057 657 1135 ναυλοχέειν
697 1058 822 1119 νέας
859 1055 1194 1131 Ἑλληνίδας
1247 1054 1459 1136 ὀλίγας,
1500 1053 1626 1113 τότε
1678 1054 1739 1113 δὲ
1778 1055 1936 1115 αὐτοὶ

337 1143 554 1216 ἰδόντες,
613 1143 893 1220 πρόθυμοι
931 1141 1080 1218 ἦσαν
1129 1143 1467 1221 ἐπιχειρέειν,
1523 1142 1575 1199 εἴ
1612 1168 1715 1205 κως
1756 1143 1936 1203 ἕλοιεν

333 1222 520 1293 αὐτάς.
603 1235 664 1289 ἐκ
689 1234 792 1306 μὲν
818 1230 886 1305 δὴ
913 1235 1016 1304 τῆς
1042 1228 1230 1305 οἶντίης
1262 1229 1622 1305 προσπλώειν
1650 1228 1793 1287 οὔκω
1821 1236 1933 1305 σφι

337 1318 520 1377 ἐδόκεε
569 1318 740 1378 τῶνδε
793 1318 988 1387 εἵνεκα,
1041 1316 1124 1393 μή
1167 1343 1270 1380 κως
1312 1316 1515 1379 ἰδόντες
1561 1320 1615 1376 οἱ
1656 1316 1934 1394 Ἕλληνες

335 1405 780 1483 προσπλώοντας
821 1410 874 1469 ε’ς
928 1404 1114 1486 φυγὴν
1156 1404 1477 1482 ὁρμήσειαν,
1527 1402 1834 1484 φεύγοντάς
1871 1431 1933 1465 τε

335 1492 578 1571 εὐφρόνη
606 1492 944 1569 καταλάβοι·
987 1494 1078 1551 καὶ
1099 1494 1341 1569 ἔμελλον
1360 1492 1525 1567 δῆθεν
1546 1491 1929 1567 ἐκφεύξεσθαι,

333 1582 439 1641 ἔδει
466 1581 526 1641 δὲ
549 1582 691 1658 μηδὲ
725 1581 1032 1659 πυρφόρον,
1061 1585 1155 1661 τῷ,
1172 1580 1388 1639 ἐκείνων
1418 1578 1588 1659 λόγῳ,
1618 1580 1932 1661 ἐκφυγόντα

279 1668 316 1733 7
335 1671 742 1751 περιγενέσθαι.
824 1668 965 1747 πρός
1015 1673 1191 1728 ταῦτα
1245 1667 1319 1727 ὦν
1355 1666 1488 1728 τάδε
1542 1668 1929 1746 ἐμηχανέοντο·

330 1764 442 1820 τῶν
493 1763 628 1819 νεῶν
681 1757 945 1818 ἁπασέων
985 1757 1375 1835 ἀποκρίναντες
1416 1755 1702 1830 διηκοσίας
1753 1759 1927 1834 περιέ-

331 1873 555 1924 πεμπον
581 1846 778 1916 ἔξωθεν
807 1845 1064 1915 Σκιάθου,
1093 1845 1165 1908 ὥς
1196 1843 1265 1904 ἂν
1296 1845 1377 1921 μή
1410 1842 1663 1920 ὄφθέωσι
1689 1843 1797 1904 ὖπὸ
1821 1850 1931 1906 τῶν

330 1935 617 2013 πολεμίων
647 1934 1070 2011 περιπλώουσαι
1095 1931 1353 2008 Εὔβοιαν
1389 1931 1528 1991 κατά
1558 1958 1619 1990 τε
1652 1933 1931 2010 Καφηρέα

332 2024 424 2082 καὶ
457 2024 586 2100 περὶ
625 2021 951 2100 Γεραιστὸν,
1001 2024 1055 2082 ἐς
1089 2019 1190 2080 τὸν
1228 2018 1493 2095 Εὔριπον·
1540 2020 1627 2078 ἵνα
1671 2021 1738 2097 δή
1779 2011 1929 2099 περι-

333 2110 587 2186 λάβοιεν,
641 2113 695 2168 oz
747 2110 852 2185 μὲν
891 2107 1065 2184 ταύτῃ
1106 2106 1432 2183 ἀπικόμενοι
1487 2107 1578 2165 καὶ
1623 2107 1934 2186 φράξαντες

332 2197 512 2258 αὐτῶν
536 2196 640 2272 τὴν
671 2195 852 2256 ὀπίσω
888 2196 1177 2272 φέρουσαν
1210 2195 1357 2266 ὁδὸν,
1385 2199 1554 2271 σφεῖς
1596 2195 1655 2254 δὲ
1696 2197 1928 2256 ἐπισπό-

330 2311 488 2362 μενοι
515 2284 577 2354 ἐξ
611 2285 876 2360 ἐναντίης·
917 2288 1094 2344 ταῦτα
1119 2283 1573 2362 βουλευσάμενοι
1599 2284 1931 2362 ἀπέπεμπον

329 2377 439 2433 τῶν
483 2376 618 2433 νεῶν
657 2372 758 2436 τὰς
791 2372 1112 2452 ταχθείσας,
1146 2371 1305 2432 αὐτοὶ
1338 2371 1439 2432 οὔκ
1477 2376 1536 2432 ἐν
1572 2372 1679 2453 νόῳ
1713 2374 1931 2451 ἔχοντες

328 2459 534 2536 ταύτης
557 2464 660 2538 τῆς
684 2460 892 2538 ἡμέρης
922 2464 1076 2520 τοῖσι
1091 2460 1349 2538 Ἕλλησι
1387 2459 1774 2537 ἐπιθήσεσθαι,
1804 2462 1930 2521 οὐδὲ

327 2548 600 2627 πρότερον
641 2547 678 2624 ἢ
725 2575 791 2609 το
847 2547 1106 2625 σύνθημά
1162 2555 1303 2656 σφι
1319 2550 1521 2625 ἔμελλε
1568 2549 1931 2624 φανήσεσθαι

328 2637 482 2715 παροὶ
521 2641 632 2698 τῶν
673 2635 1097 2714 περιπλωόντων
1140 2635 1211 2700 ὦς
1250 2635 1515 2713 ἡκόντων.
1595 2637 1797 2700 ταύτας
1826 2640 1931 2714 μὲν

330 2726 398 2802 δη
449 2725 844 2804 περιέπεμπον·
925 2728 1036 2784 τῶν
1087 2724 1148 2783 δὲ
1199 2725 1440 2785 λοιπέων
1490 2728 1627 2785 νεῶν
1679 2729 1739 2784 ἐν
1789 2729 1929 2803 τῇσι

329 2813 621 2894 Ἀφέτῃσι,
635 2815 922 2873 ἐποιεῦντο
947 2810 1207 2889 ἀριθμόν.

275 2905 311 2962 8
409 2901 506 2962 Ἐν
557 2902 618 2962 δὲ
641 2965 647 2970 ,
669 2900 845 2980 τούτῳ
898 2903 976 2979 τῷ
1027 2899 1226 2979 χρόνῳ,
1280 2905 1340 2960 ἐν
1386 2897 1429 2979 ᾧ
1482 2897 1637 2960 οὗτοι
1689 2899 1924 2978 άριθμόν

335 2993 616 3050 ἐποιεῦντο
636 2993 746 3049 τῶν
773 2992 925 3058 νεῶν,
946 2985 1018 3062 ἦν
1042 2986 1153 3067 γὰρ
1182 2991 1240 3047 ἐν
1265 2991 1342 3066 τῷ
1368 2988 1725 3067 στρατοπέδῳ
1750 2987 1929 3068 τούτῳ

330 3079 612 3155 Σκυλλίης
668 3080 979 3146 Σκιωναῖος,
1045 3075 1208 3150 δύτης
1268 3079 1380 3135 τῶν
1439 3075 1565 3135 τότε
1629 3075 1932 3154 ἀνθρώπων

327 3162 576 3241 ἄριστος·
619 3165 681 3230 ὂς
713 3166 804 3225 καὶ
847 3171 905 3225 ἐν
939 3168 1011 3243 τῇ
1048 3163 1283 3244 ναυηγίῃ
1317 3167 1389 3242 τῇ
1428 3162 1568 3223 κατ-οἷ
1605 3163 1671 3224 τὸ
1706 3164 1930 3240 Πήλιον

327 3253 596 3330 γενομένῃ
647 3254 843 3313 πολλοὶ
893 3254 1000 3328 μὲν
1039 3252 1222 3310 ἔσωσε
1266 3255 1376 3311 τῶν
1426 3250 1725 3331 χρημάτων
1776 3255 1929 3312 τοῖσι
