2259 3500
277 195 284 200 ι
312 135 376 182 52
925 126 1295 175 ἭΡοΔοΤοΤ
1822 127 1918 194 [V.

315 209 566 272 ἐπείθετο
593 209 690 268 καί
710 233 808 285 μιν
835 205 1001 278 ἀπίει,
1046 201 1429 280 ἐντειλάμενος
1459 203 1626 264 ἐπεὰν
1651 205 1724 264 τὰ
1748 205 1921 268 ὖπέσ.

318 299 454 380 χετό
488 303 540 358 οἱ
575 297 834 357 ἐπιτελέα
867 292 1101 371 ποιήσῃ,
1137 293 1550 373 παραγίνεσθαί
1571 297 1625 354 οἱ
1657 293 1841 355 ὀπίσω
1869 302 1924 361 ἐς

313 388 388 446 τοὶ
416 391 630 452 Σοῦσα.
1713 423 1725 433 ›

226 467 340 536 108
421 475 518 534 Ἐν
567 471 609 553 ᾧ
657 473 716 532 δὲ
762 471 998 552 ἀγγελίη
1040 496 1104 530 τε
1146 470 1273 546 περὶ
1316 474 1428 530 τῶν
1475 471 1724 547 Σαρδίων
1769 473 1925 550 παρὰ

315 563 570 638 βασιλέα
590 559 761 637 ἀνήϊε,
790 561 881 618 καὶ
903 563 1140 636 Δαρεῖος
1164 558 1235 619 τοῖ
1256 558 1472 635 περὶτὰ
1491 558 1657 628 τόξον
1676 561 1923 636 ποιήσας

315 650 562 729 Ἱστιαίῳ
604 654 658 712 ἐς
698 648 904 728 λόγους
926 645 1100 723 ἦλθε,
1138 647 1230 705 καὶ
1264 645 1527 709 Ἱστιαῖος
1560 650 1923 725 μεμετιμένος

319 737 430 798 ὖπὸ
488 739 726 815 Δαρείου
781 735 1062 813 ἐκομίζετο
1111 735 1203 794 ἐπὶ
1250 734 1573 794 θάλασσαν·
1636 739 1695 795 ἐν
1746 737 1922 816 τούτῳ

317 826 484 886 παντὶ
507 829 584 904 τῷ
608 824 792 905 χρόνῳ
820 825 1030 904 ἐγίνετο
1055 822 1207 883 τάδε·
1234 824 1621 899 πολιορκέοντι
1640 829 1717 903 τῷ
1738 825 1922 888 Σαλα-

317 916 476 994 μινίῳ
514 913 806 992 Ὀνησίλῳ
841 912 1255 989 Ἀμαθουσίους
1298 911 1713 990 ἐξαγγέλλεται,
1757 913 1923 988 νηυσὶ

319 1002 590 1080 στρατιὴν
609 1000 838 1076 πολλὴν
858 999 1074 1080 ’ἄγοντα
1093 997 1385 1074 Περσικὴν
1403 996 1723 1075 Ἀρτύβιον,
1751 999 1923 1077 ἄνδρα

320 1091 570 1167 Πέρσην,
613 1088 998 1166 προσδόκιμον
1039 1091 1095 1150 ἐς
1132 1086 1237 1162 τὴν
1279 1085 1514 1163 Κύπρον
1549 1087 1705 1146 εἶναι·
1753 1087 1923 1148 πυθό-

318 1203 483 1254 μενος
525 1177 584 1235 δὲ
619 1179 795 1236 ταῦτα
836 1174 872 1234 o‘
913 1174 1235 1249 Ὀνήσιλος,
1280 1173 1518 1249 κήρυκας
1562 1175 1827 1251 διέπεμπε
1868 1181 1923 1238 ε’ς

319 1264 425 1340 τήν
459 1265 670 1338 Ἰωνίην
705 1261 1135 1340 ἐπικαλεύμενός
1170 1268 1373 1337 σφεας·
1414 1261 1598 1325 Ἴωνες
1632 1263 1691 1322 δὲ
1732 1262 1832 1321 οὐκ
1866 1268 1922 1326 ἐς

319 1352 539 1430 μακρὴν
558 1350 1012 1427 βουλευσάμενοι
1029 1348 1170 1425 ἧκον
1189 1353 1390 1428 πολλῷ
1410 1349 1619 1428 στόλῳ.
1665 1348 1840 1413 Ίωνές
1858 1376 1921 1410 τε

320 1441 388 1516 δὴ
429 1446 695 1517 παρῆσαν
737 1444 791 1502 ἐς
829 1438 933 1515 τήν
973 1439 1223 1515 Κύπρον,
1267 1438 1359 1496 καὶ
1400 1442 1453 1496 οἱ
1494 1438 1716 1513 Πέρσαι
1756 1444 1927 1517 νηυσὶ

321 1528 616 1605 διαβάντες
649 1534 708 1587 ἐκ
744 1530 845 1603 τῆς
879 1527 1141 1603 Κιλικίης
1172 1527 1343 1603 ἤϊσαν
1377 1527 1469 1584 ε’πὶ
1495 1525 1598 1601 τὴν
1625 1527 1921 1604 Σαλαμῖνα

319 1619 476 1696 πεζῇ·
534 1621 670 1696 τῇσι
713 1616 773 1675 δὲ
825 1617 991 1690 νηυσὶ
1035 1619 1088 1675 οἱ
1131 1617 1380 1678 Φοίνικες
1430 1614 1777 1690 περιέπλωον
1818 1613 1921 1688 τὴν

227 1707 339 1765 109
360 1705 534 1784 ἄκρην
563 1705 620 1765 αἳ
645 1708 940 1765 καλεῦνται
968 1705 1211 1780 Κληΐδες
1242 1706 1342 1779 τῆς
1375 1700 1627 1780 Κύπρου.
1710 1701 1919 1763 Τούτου

319 1794 378 1853 δὲ
391 1795 644 1855 τοιούτου
663 1795 974 1876 γινομένου,
998 1794 1193 1861 ἔλεξαν
1219 1795 1273 1850 οἱ
1292 1791 1548 1866 τύραννοι
1566 1794 1668 1865 τῆς
1687 1790 1919 1867 Κύπρου

319 1884 772 1963 συγκαλέσαντες
797 1885 906 1940 τῶν
931 1879 1128 1939 Ἰώνων
1147 1879 1276 1942 τούς
1295 1876 1663 1959 στρατηγούς·
1690 1876 1919 1956 ((ἄνδρες

309 1968 508 2041 Ἴωνες,
537 1971 754 2045 αἵρεσιν
780 1967 912 2044 ὖμῖν
939 1966 1161 2043 δίδομεν
1179 1967 1339 2043 ἡμεῖς
1366 1970 1419 2025 οἱ
1445 1965 1707 2043 Κύπριοι,
1736 1965 1919 2026 ὁκοτέ-

316 2082 472 2133 ροισι
496 2056 785 2132 βούλεσθε
811 2056 1258 2132 προσφέρεσθαι,
1286 2053 1323 2131 ἢ
1346 2055 1614 2132 Πέρσῃσι
1632 2053 1670 2129 ἢ
1688 2055 1917 2123 Φοίνιξι·

321 2149 370 2203 εἰ
398 2148 501 2221 μὲν
533 2144 643 2225 γὰρ
675 2145 816 2221 πεζῇ
847 2143 1136 2218 βούλεσθε
1165 2144 1463 2221 ταχθέντες
1500 2142 1766 2217 Περσέων
1807 2140 1921 2200 δια-

317 2235 637 2311 πειρᾶσθαι,
683 2231 794 2311 ὦρη
835 2230 904 2292 ἂν
946 2234 1029 2309 εἴη
1069 2234 1201 2310 ὖμῖν
1244 2230 1521 2307 ἐκβάντας
1554 2235 1613 2288 ἐκ
1646 2233 1756 2288 τῶν
1784 2235 1921 2292 νεῶν

317 2321 638 2383 τάσσεσθαι
674 2322 832 2399 πεζῇ,
859 2322 1034 2397 ἡμέας
1061 2322 1120 2381 δὲ
1148 2328 1204 2385 ἐς
1226 2321 1327 2384 τοὶς
1352 2320 1477 2382 νέας
1510 2320 1797 2397 ἐμβαίνειν
1820 2319 1923 2384 τσῖς

315 2410 582 2488 ὑμετέρας
620 2410 832 2479 Φοίνιξι
865 2410 1416 2491 ἀνταγωνιευμένους·
1462 2413 1508 2468 εἶ
1552 2408 1611 2466 δὲ
1654 2409 1922 2469 Φοινίκων

317 2502 544 2573 μᾶλλον
573 2497 864 2575 βούλεσθε
899 2498 1310 2575 διαπειρᾶσθαι,
1354 2498 1561 2556 ποιέειν
1591 2496 1758 2574 χρεόν
1799 2501 1922 2555 ἐστι

317 2585 503 2662 ὑμέας,
533 2586 788 2666 (ὁκότερα
823 2584 892 2645 ἂν
919 2586 986 2661 δή
1023 2584 1235 2645 τούτων
1262 2583 1515 2663 ἔλησθε,)
1543 2583 1682 2645 ὅκως
1707 2584 1773 2643 τό
1803 2583 1921 2643 κατ’

318 2672 488 2750 ὖμέας
533 2675 690 2733 ἔσται
723 2673 761 2747 ἦ
801 2698 863 2732 τε
905 2672 1084 2747 Ἰωνίη
1126 2672 1219 2730 καὶ
1260 2670 1291 2729 ὁ
1334 2670 1564 2746 Κύπρος
1608 2670 1921 2748 ἐλευθέρη.”

319 2762 478 2822 εἶπαν
509 2762 610 2843 [οἱ]
637 2760 824 2823 Ἴωνες
860 2760 1002 2837 πρὸς
1031 2764 1228 2819 ταῦτα.
1272 2768 1307 2794 “
1322 2758 1496 2834 ἡμέας
1524 2758 1821 2837 ἀπέπεμψε
1853 2758 1920 2818 τό

324 2849 506 2910 κοινόν
539 2854 649 2909 τῶν
678 2847 874 2909 Ἰώνων
902 2848 1258 2923 φυλάξοντας
1287 2846 1393 2922 τήν
1428 2846 1751 2915 θάλασσαν,
1790 2845 1921 2905 ἀλλ’

319 2938 418 2997 οὐκ
452 2939 541 3000 ἶνα
574 2938 885 3015 Κυπρίοισι
920 2937 1022 3000 τὰς
1054 2937 1182 3000 νέας
1216 2935 1557 3013 παραδόντες
1588 2934 1747 2995 αὐτοὶ
1776 2936 1921 3010 Πέρ-

322 3053 464 3106 σῃσι
483 3028 624 3106 πεζῇ
642 3026 1117 3104 προσφερώμεθα.
1150 3025 1311 3101 ἡμεῖς
1328 3025 1433 3102 μέν
1452 3050 1549 3085 νυν
1568 3023 1652 3083 ἔπ’
1675 3020 1739 3081 οὗ
1763 3022 1919 3099 ε’τάχ-

317 3116 509 3191 θημεν,
540 3115 714 3193 ταύτῃ
747 3114 1135 3191 πειρησόμεθα
1168 3114 1305 3173 εἶναι
1340 3112 1600 3191 χρηστοί.
1649 3110 1821 3187 ὑμέας
1862 3109 1921 3164 δὲ

317 3202 485 3279 χρεόν
512 3202 636 3263 ἔστι
663 3203 1116 3279 ἀναμνησθέντας
1144 3201 1236 3261 οἶα
1262 3201 1541 3280 ἐπάσχετε
1568 3195 1921 3258 δουλεύοντες

223 3287 253 3345 1
266 3289 340 3347 10
358 3289 498 3365 πρὸς
520 3295 632 3352 τῶν
651 3289 864 3367 Μήδων
882 3291 1141 3371 γίνεσθαι
1168 3288 1369 3367 ἄνδρας
1394 3283 1688 3368 ἀγαθούς.”
1735 3280 1919 3342 Ἴωνες
