2259 3500
369 126 586 191 27—32]
1045 126 1351 175 o'rrAmA.
1866 128 1962 175 231

371 207 784 285 ἐσβάλλοντας·
826 209 881 266 οἱ
905 206 982 276 δὲ,
1003 204 1076 269 ὦς
1100 203 1556 281 ἀναρπασόμενοι
1580 203 1711 267 τοῦς
1730 206 1966 274 Φωκέας,

371 295 672 373 φερόμενοι
711 294 985 355 ἐσέπεσον
1027 298 1082 355 ἐς
1119 291 1249 355 τοῦς
1290 291 1597 369 οἶμφορέας·
1641 293 1874 352 ἐνθαῦτα
1915 295 1969 352 οἱ

373 385 532 444 ἵπποι
584 409 656 442 τα
707 384 918 442 σκέλεα
977 380 1382 457 διεφθάρησαν.
1466 379 1685 439 Τούτων
1737 380 1805 456 δή
1857 386 1969 455 σφι
1986 382 2061 439 29

369 470 755 548 αμφοτέρων”
727 496 944 549 εχοντες
971 470 1201 547 ἔγκοτον
1227 471 1281 526 οἱ
1316 469 1627 539 Θεσσαλοὶ,
1654 469 1971 546 πέμψαντες

371 559 581 636 κήρυκα
613 557 882 639 ἠγόρευον
921 556 1072 616 τάδε·
1123 565 1159 591 “
1178 553 1221 613 ὦ
1256 556 1481 624 Φωκέες,
1509 554 1615 631 ἤδη
1651 581 1707 614 τι
1742 560 1969 632 μᾶλλον

368 648 782 758 γνωσιμαχέετε
807 644 888 721 μὴ
917 643 1056 703 εἶναι
1083 641 1271 719 ομοῖοι
1304 641 1458 719 ημῖν·
1500 643 1749 719 πρόσθεν
1773 672 1835 703 τε
1860 644 1970 725 γὰρ

372 739 430 793 ἐν
460 738 612 793 τοῖσι
639 734 912 807 Ελλησι,
951 730 1092 791 ὅσον
1127 729 1331 809 χρόνον
1370 734 1548 789 ἐκεῖνα
1586 730 1723 807 ἡμῖν
1756 731 1970 840 ἥνδανε,

371 821 546 879 πλεον
582 822 694 879 αἰεί
727 846 854 879 κοτε
885 818 1067 895 υμέων
1105 816 1439 894 ἐφερόμεθα·
1489 822 1585 879 νῦν
1619 844 1680 877 τε
1716 819 1869 896 παρὰ
1893 823 1971 900 τῶ

370 908 650 987 βαρβαρω
695 910 970 968 τοσοῦτον
1017 904 1312 981 δυναμεθα,
1356 904 1499 965 ὥστε
1540 906 1625 965 ἐπ’
1667 906 1804 983 ’ἡμῖν
1845 912 1967 967 ἐστι

370 1000 471 1071 τῆς
521 1000 626 1076 γῆς
679 1021 740 1055 τε
795 994 1135 1070 ἐστερῆσθαι
1195 994 1286 1051 καὶ
1338 993 1477 1069 πρὸς
1528 993 1970 1071 ἠνδραποδίσθαι

369 1082 557 1159 ὖμέας·
601 1083 766 1160 ημέες
789 1083 980 1158 μέντοι
1006 1082 1073 1141 τὸ
1111 1086 1225 1141 πᾶν
1262 1083 1479 1159 ἔχοντες
1511 1080 1575 1141 οὗ
1606 1085 1972 1158 μνησικακέο-

369 1196 491 1246 μεν·
557 1171 690 1231 αλλ’
743 1171 880 1247 ἡμῖν
933 1171 1181 1251 γενέσθω
1233 1168 1349 1229 ἄντ’
1402 1168 1581 1229 αὐτῶν
1632 1171 1973 1247 πεντήκοντα

369 1246 618 1320 τάλαντα
645 1261 926 1367 ἀργυρίου,
955 1259 1048 1317 καὶ
1071 1257 1203 1335 υμῖν
1238 1257 1621 1334 υποδεκόμεθα
1650 1285 1721 1318 τα
1749 1259 1972 1319 ἐπιόντα

373 1346 464 1407 ἐπὶ
488 1372 592 1422 την
616 1347 804 1426 χώρην
829 1344 1215 1424 οἷποτρέψεινῗ

451 1435 642 1493 Ταῦτά
681 1441 793 1511 σφι
836 1434 1257 1515 ἐπαγγέλλοντο
1299 1436 1352 1491 οἱ
1391 1435 1704 1493 Θεσσαλοί·
1747 1435 1824 1513 (οἱ
1862 1434 1977 1515 γὰρ
1989 1436 2065 1495 30

371 1522 582 1585 Φωκέες
613 1527 810 1598 μοῦνοι
849 1524 960 1582 τῶν
998 1520 1173 1599 ταύτῃ
1214 1518 1516 1597 ἀνθρώπων
1557 1520 1655 1579 οὐκ
1698 1520 1969 1597 ἐμήδιζον,

375 1609 490 1669 κατ’
559 1608 708 1668 ἄλλο
775 1612 878 1687 μὲν
945 1608 1118 1682 οὐδὲν,
1184 1608 1255 1671 ὥς
1324 1607 1431 1688 ἐγῶ
1497 1609 1974 1686 συμβαλλόμενος

375 1696 624 1776 εὑρίσκω,
682 1698 821 1758 κατὰ
875 1698 934 1757 δὲ
979 1696 1047 1759 τὸ
1103 1697 1265 1776 ἔχθος
1305 1695 1371 1756 τὸ
1416 1701 1748 1757 Θεσσαλῶν·
1818 1702 1865 1757 εἰ
1912 1697 1973 1757 δὲ

372 1786 666 1845 Θεσσαλοὶ
723 1812 796 1846 τα
846 1786 1136 1861 Ἐλλήνων
1195 1783 1379 1862 ηυξον,
1448 1811 1518 1847 ως
1572 1787 1695 1862 ἐμοὶ
1748 1785 1969 1856 δοκέειν,

373 1873 628 1951 ἐμήδιζον
682 1900 750 1934 αν
802 1877 856 1933 οἳ
909 1876 1163 1954 Φωκέες·)
1243 1878 1416 1933 ταῦτα
1477 1875 1975 1983 ἐπαγγελλομένων

372 1967 703 2035 Θεσσαλῶν,
744 1988 870 2023 ουτε
907 1961 1108 2022 δώσειν
1148 1963 1369 2038 ἔφασαν
1407 1961 1669 2040 χρήματα
1710 1961 1973 2040 παρέχειν

369 2075 432 2111 τε
493 2059 605 2129 σφι
675 2054 1037 2111 Θεσσαλοισι
1103 2049 1305 2126 ὁμοίως
1370 2049 1631 2126 μηδίζειν,
1688 2053 1735 2108 εἰ
1787 2048 1973 2114 αλλως

369 2139 700 2212 βουλοίατο·
743 2137 875 2197 ἀλλ’
903 2164 1001 2197 ουκ
1029 2139 1318 2198 ἔσεσθαι“
1295 2137 1507 2199 εκόντες
1544 2138 1680 2196 εἶναι
1706 2137 1973 2213 προδόται

369 2230 471 2301 τῆς
512 2227 808 2289 Ελλαδος.
888 2226 1116 2302 Ἐπειὸή
1164 2227 1223 2284 δὲ
1267 2226 1676 2304 ανηνείχθησαν
1722 2251 1873 2285 ουτοι
1920 2253 1972 2285 οι
1954 2227 2061 2284 ‘31

372 2311 554 2392 λόγοι,
611 2339 752 2372 συτω
804 2313 872 2389 δὴ
929 2317 982 2372 οἱ
1036 2315 1328 2373 Θεσσαλοὶ
1390 2314 1762 2392 κεχολωμένοι
1819 2318 1973 2374 τοῖσι

374 2403 642 2470 Φωκεῦσι,
681 2401 934 2480 ἐγένοντο
966 2400 1233 2480 ἡγεμόνες
1270 2406 1349 2480 τῷ
1382 2402 1665 2480 βαρβάρῳ
1695 2407 1795 2477 τῆς
1821 2401 1970 2461 οδοῦ·

375 2490 437 2544 ἐκ
469 2489 572 2563 μὲν
608 2487 675 2562 δή
712 2492 812 2564 τῆς
847 2489 1144 2567 Τρηχινίης
1187 2494 1240 2552 ἐς
1271 2489 1375 2564 τήν
1412 2489 1631 2566 Δωρίδα
1670 2491 1970 2565 ἐσεβαλον·

373 2578 474 2649 τῆς
498 2574 609 2656 γοῖρ
638 2576 883 2653 Δωρίδος
906 2576 1093 2656 χώρης
1118 2577 1330 2636 ποδεών
1358 2577 1574 2638 στεινός
1608 2577 1780 2655 ταύτῃ
1809 2602 1971 2635 κατα-

372 2662 551 2733 τείνει,
607 2689 677 2726 ως
728 2664 1023 2742 τριήκοντα
1076 2665 1317 2724 σταδίων
1369 2663 1625 2742 μάλιστά
1678 2690 1745 2739 κη
1799 2689 1969 2740 ευρος,

374 2750 619 2826 κείμενος
657 2752 864 2829 μεταξῦ
905 2756 1006 2829 τῆς
1046 2781 1108 2813 τε
1156 2753 1413 2828 Μηλίδος
1455 2753 1545 2811 καὶ
1588 2756 1688 2828 τῆς
1732 2750 1973 2814 Φωκίδος

369 2836 570 2915 χώρης,
594 2839 736 2916 ἥπερ
763 2837 832 2916 ἦν
858 2839 924 2901 τό
944 2840 1189 2901 παλαιον
1211 2842 1475 2917 Δρυοπίς·
1508 2867 1545 2915 η
1575 2840 1633 2898 δὲ
1658 2865 1813 2918 χωρη
1832 2865 1971 2914 αυτη

373 2927 496 2987 ἐστὶ
547 2928 896 3006 μητρόπολις
951 2931 1209 3007 Δωριέων
1257 2932 1367 2988 τῶν
1420 2934 1477 2988 ἐν
1531 2925 1968 3005 Πελοποννήσῳ.

371 3014 576 3092 ταύτην
603 3015 676 3076 ‹Bv
701 3017 804 3092 τήν
833 3019 1054 3096 Δωρίδα
1079 3023 1189 3098 γῆν
1216 3015 1315 3077 οὐκ
1344 3017 1598 3074 ἐσίναντο
1627 3013 1970 3089 ἐσβαλόντες

372 3105 426 3160 οἱ
455 3105 768 3184 βάρβαροι·
825 3106 1082 3182 ἐμήδιζόν
1116 3132 1179 3165 τε
1220 3104 1344 3186 γοῖρ,
1376 3103 1465 3160 καὶ
1493 3101 1591 3161 οὐκ
1621 3101 1800 3160 ἐδόκεε
1826 3106 1969 3160 Θεσ-

369 3195 626 3253 σαλοῖσι.
709 3193 808 3258 Ὡς
859 3194 919 3252 δὲ
961 3199 1022 3252 ἐκ
1065 3197 1167 3268 τῆς
1216 3190 1460 3268 Δωρίδος
1507 3193 1561 3251 ἐς
1605 3188 1710 3262 τὴν
1752 3189 1970 3248 Φωκίδα
1989 3190 2065 3248 32

371 3281 674 3358 ἐσέβαλον,
701 3281 902 3347 αὐτοῦς
924 3283 1030 3360 μὲν
1053 3279 1185 3344 τούς
1214 3277 1437 3339 Φωκέας
1468 3273 1568 3336 οὔκ
1605 3276 1875 3353 αἱρέουσι·
1920 3281 1973 3338 οἶ
