2259 3500
342 118 452 181 '120
966 132 1332 181 ·111²0A0m01·
1800 130 1953 194 [v11.

353 237 519 289 μενος
564 211 695 290 παρ’
742 210 889 291 αὐτῷ
927 212 1202 292 μέγιστον
1244 210 1510 287 Περσέων
1556 207 1878 288 Μαρδόνιος
1924 237 1956 269 ο

356 299 649 378 Γωβρύεω,
705 299 766 364 ὃς
818 299 887 375 ἦν
939 300 1120 379 Ξέρξῃ
1172 301 1276 376 μὲν
1329 297 1553 378 οἷνεψιός
1608 298 1846 375 Δαρείου
1900 298 1960 357 δὲ

360 385 643 466 ἅδελφεῆς
666 387 811 459 πάϊς,
832 387 1085 448 τοιούτου
1112 383 1290 469 λόγου
1319 388 1515 467 εἴχετο,
1537 388 1736 469 λέγων·
1781 393 1817 421 “
1835 387 1957 446 δέσ-

354 499 518 547 ποτα,
548 502 646 535 ουκ
674 474 821 540 οἶκός
842 479 965 536 ἐστι
982 475 1357 551 Ἀθηναίους’
1330 476 1744 555 εργασαμένους
1764 472 1959 534 πολλα

353 563 462 641 ἤδη
488 590 629 623 κακα
657 563 903 642 Πέρσας,
931 563 1012 641 μὴ
1041 563 1105 623 οὗ
1135 563 1323 623 δοῦναι
1351 563 1504 627 δίκας
1528 567 1639 623 τῶν
1666 563 1956 639 ἐποίησαν·

355 650 510 712 ἀλλὰ
546 652 613 712 vd
650 654 756 763 μὲν
793 656 892 712 νῦν
929 656 1105 713 ταῦτα
1141 650 1426 729 πρήσσοις
1478 650 1655 728 τάπερ
1699 655 1756 710 ἐν
1789 651 1959 731 χερσὶ

354 741 514 819 ἔχεις·
541 740 835 818 ἡμερώσας
855 740 914 799 δὲ
934 740 1221 821 Αἴγυπτον
1245 738 1348 815 τὴν
1375 738 1764 816 ἐξυβρίσασαν
1785 766 1956 816 στρα-

352 828 587 904 τηλσῖτεε
625 829 717 888 ἐπὶ
754 855 854 892 τας
888 826 1205 905 Ἀθήνας,
1180 853 1268 887 ινα
1299 827 1471 909 λόγος
1495 826 1561 885 τέ
1587 853 1658 885 σε
1685 826 1785 905 ἔχῃ
1818 826 1958 905 πρὸς

356 914 657 995 ἀνθρώπων
698 915 908 997 οἷγαθός
948 917 1045 975 καί
1070 941 1156 979 τις
1184 914 1422 992 ὕστερον
1455 914 1829 991 φυλάσσηται
1868 917 1958 975 ἐπὶ

354 1007 463 1085 γῆν
497 1004 600 1079 τήν
632 1004 744 1079 σὴν
776 1002 1236 1082 στρατεύεσθαι.”
1318 1001 1479 1066 οὗτος
1516 1004 1619 1080 μέν
1649 1006 1702 1061 οἱ
1728 1002 1759 1062 ὅ
1786 1002 1959 1085 λόγος

354 1090 425 1167 ἦν
463 1090 717 1169 τιμωρός·
770 1095 872 1150 τοῦ
910 1090 971 1149 δὲ
1010 1091 1188 1172 λόγου
1239 1090 1594 1168 παρενθήκην
1634 1092 1958 1151 ποιεέσκετο

355 1177 533 1254 τήνδε,
566 1178 636 1243 ὥς
670 1178 708 1255 ἦ
740 1177 984 1256 Εὐρώπη
1016 1177 1364 1255 περικαλλὴς
1395 1178 1567 1258 χώρη,
1608 1180 1699 1237 καὶ
1737 1179 1959 1256 δένδρεα
2007 1179 2013 1185 ”

354 1270 593 1326 παντοῖα
620 1267 779 1344 φέρει
803 1265 874 1326 τοὶ
900 1265 1099 1344 ἥμερα,
1129 1265 1331 1342 α’ρετήν
1357 1291 1420 1325 τε
1447 1265 1604 1343 ἄκρη,
1631 1268 1873 1343 βασιλέϊ
1897 1294 1960 1327 τε

289 1356 324 1413 6
352 1352 538 1433 μούνῳ
591 1355 801 1430 θνητῶν
857 1352 985 1430 ἀξίη
1042 1354 1330 1429 ἐκτῆσθαι.
1413 1358 1601 1412 Ταῦτα
1657 1355 1838 1435 ἔλεγε·
1868 1356 1959 1415 οἶα

357 1443 637 1520 νεωτέρων·
682 1442 853 1523 ἔργων
902 1440 1244 1519 ἐπιθυμητής
1291 1441 1394 1502 ἐῶν
1437 1441 1529 1501 καὶ
1575 1443 1752 1502 θέλων
1795 1441 1960 1507 αὐτὸς

355 1532 455 1605 τῆς
477 1528 755 1592 Ἑλλάδος
792 1528 1042 1610 ὕπαρχος
1076 1530 1229 1604 εἶναι,
1268 1529 1451 1609 χρόνῳ
1480 1529 1538 1588 δὲ
1568 1531 1958 1610 κατεργάσατό

354 1643 417 1677 τε
455 1617 546 1676 καὶ
582 1617 840 1678 α’νέπεισε
874 1618 1085 1696 Ξέρξεα
1122 1617 1268 1676 ὥστε
1313 1619 1519 1677 ποιέειν
1553 1622 1747 1677 ταῦτα·
1798 1619 1954 1680 συνέ-

357 1708 509 1783 λαβε
553 1705 661 1788 γοὶρ
711 1707 802 1766 καὶ
850 1704 1003 1766 ἅλλα
1047 1708 1101 1766 οἱ
1148 1704 1423 1786 σύμμαχα
1474 1705 1746 1787 γενόμενα
1795 1712 1847 1770 ἐς
1892 1707 1957 1768 τὰ

356 1795 650 1854 πείθεσθαι
690 1795 917 1871 Ξέρξεα·
966 1799 1135 1854 τοῦτο
1177 1795 1282 1871 μὲν
1328 1793 1440 1854 ‹in-<3
1485 1799 1587 1869 τῆς
1631 1797 1959 1873 Θεσσαλίης

356 1882 509 1960 παρὰ
536 1886 643 1941 τῶν
658 1880 1000 1940 Ἀλευαδέων
1021 1880 1318 1962 ἀπιγμένοι
1335 1880 1571 1963 ἄγγελοι
1593 1883 1958 1944 ἐπεκαλέοντο

354 1967 626 2045 βασιλέα,
674 1971 869 2027 πᾶσαν
915 1969 1229 2045 προθυμίην
1269 1968 1666 2080 παρεχόμενοι,
1717 1971 1808 2028 ἐπὶ
1852 1998 1959 2048 την

354 2055 627 2115 Ἐλλάδα·
688 2057 741 2113 οἶ
788 2055 845 2113 δὲ
890 2055 1190 2114 Ἀλευάδαι
1235 2055 1384 2116 ουτοι
1432 2056 1579 2132 ἦσαν
1633 2059 1959 2159 Θεσσαλίης

355 2141 645 2220 βασιλεες.
698 2147 863 2202 τοῦτο
914 2143 972 2200 δὲ
1018 2144 1530 2221 Πεισιστρατιδέων
1575 2147 1628 2203 οἶ
1672 2134 1958 2223 άνάβεβη·

359 2230 513 2293 κότες
567 2235 620 2294 ἐς
676 2232 884 2300 Σοῦσα,
940 2257 1050 2292 των
1108 2256 1172 2290 τε
1232 2230 1409 2293 αὐτων
1462 2231 1648 2313 λόγων
1704 2233 1959 2312 ἐχόμενοι

279 2327 285 2331 '
354 2322 463 2378 τῶν
522 2319 612 2377 καὶ
668 2321 720 2377 οἱ
770 2315 1067 2378 Ἀλευάδαι
1123 2320 1222 2379 ’καὶ
1275 2318 1342 2395 δή
1395 2345 1450 2379 τι
1509 2321 1648 2398 πρὸς
1706 2322 1958 2383 τούτοισι

354 2407 435 2466 ἔτι
462 2405 657 2467 ’πλέον
702 2405 1123 2488 προσορέγοντό
1169 2411 1236 2477 οἶ,
1282 2411 1498 2486 ἔχοντες
1538 2407 1957 2486 Ὀνομάκριτον,

344 2489 526 2573 ’ἄνδρα
542 2493 857 2570 Ἀθηναῖον,
886 2494 1293 2576 χρησμολόγον
1321 2522 1383 2554 τε
1414 2497 1505 2553 καὶ
1534 2496 1790 2572 διαθέτην
1825 2525 1956 2578 χρη,

356 2586 515 2659 σμῶν
540 2587 647 2642 τῶν
676 2583 989 2641 Μουσαίου.
1033 2582 1474 2657 ἀναβεβήκεσαν
1498 2584 1608 2664 γάρ
1637 2584 1738 2660 τὴν
1760 2587 1960 2663 ἔχθρην

355 2669 932 2749 προκαταλυσάμενοι·
998 2671 1284 2746 ἐξηλάσθη
1329 2670 1438 2752 γάρ
1487 2670 1593 2730 §ard
1649 2672 1959 2753 Ἱππάρχου

354 2764 453 2818 τοῦ
492 2759 908 2836 Πεισιστράτου
942 2757 973 2817 ὁ
1005 2757 1407 2838 Ὀνομάκριτος
1442 2760 1504 2829 ἐξ
1539 2759 1838 2836 Ἀθηνέων,
1877 2760 1960 2820 ἐπ’

354 2846 659 2929 αὐτοφώρῳ
686 2847 857 2911 άλοῦς
876 2846 986 2906 ὖπό
1006 2848 1203 2908 Λάσου
1223 2853 1322 2908 τοῦ
1344 2847 1665 2926 Ἑρμιονέος
1694 2848 1962 2926 ἐμποιέων

357 2940 411 2998 ἐς
439 2934 511 2995 τά
542 2940 839 2998 Μουσαίου
866 2937 1143 3016 χρησμὸν,
1177 2938 1245 3002 ὦς
1282 2941 1339 2996 αἶ
1377 2939 1465 2997 ἐπὶ
1494 2937 1725 3015 Λήμνου
1767 2941 1962 2997 ἐπικεί-

353 3049 517 3099 μεναι
556 3029 723 3102 νῆσοι
764 3026 1125 3104 ἀφανιζοίατο
1173 3027 1312 3086 κατὰ
1352 3032 1452 3102 τῆς
1497 3024 1820 3102 θαλάσσης·
1875 3025 1962 3085 διὰ

356 3111 601 3186 ἐξήλασέ
638 3142 735 3193 μιν
775 3115 808 3176 ὅ
850 3115 1182 3195 Ἵππαρχος,
1227 3117 1498 3194 πρότερον
1539 3113 1854 3194 χρεώμενος
1893 3115 1964 3171 τοὶ

352 3198 623 3273 μάλιστα.
692 3204 817 3264 τότε
845 3203 903 3262 δὲ
932 3205 1273 3279 συναναβὰς,
1306 3204 1441 3267 ὅκως
1470 3203 1724 3262 ἀπίκοιτο
1759 3205 1811 3260 ἐς
1834 3200 1964 3277 ὄψιν

356 3285 459 3359 τήν
494 3290 790 3366 βασιλέος,
832 3290 1110 3372 λεγόντων
1138 3293 1246 3351 τῶν
1277 3284 1791 3364 Πεισιστρατιδέων
1834 3287 1964 3364 περὶ
