2259 3500
301 120 397 171 132
914 118 1280 168 ‘HPOAOTOT
1733 116 1893 181 [VII.

294 223 410 259 νον·
452 198 507 258 οἳ
548 196 842 275 διαβάντες
878 202 934 261 ἐς
964 196 1069 271 τὴν
1093 195 1370 275 Εὐρώπην
1397 198 1538 256 κατὰ
1575 197 1896 276 Βόσπορον,

294 285 423 350 τούς
448 312 510 347 τε
537 285 781 364 Θρήϊκας
807 286 1258 363 κατεστρέψαντο
1284 284 1496 349 πάντας
1531 286 1623 344 καὶ
1665 287 1759 344 ἐπὶ
1797 286 1898 347 τόν

293 372 492 435 Ἰόνιον
527 372 733 434 πόντον
770 375 1114 450 κατέβησαν,
1143 374 1311 452 μέχρι
1349 398 1412 431 τε
1444 376 1687 449 Πηνειοῦ
1725 399 1896 433 ποτα-

200 463 273 521 21
294 465 405 538 μοΰ
441 464 541 522 τοῦ
576 460 718 538 πρός
756 460 1120 538 μεσαμβρίης
1157 458 1403 535 ἤλασαν.
1473 457 1653 518 Αὗται
1693 462 1751 519 αἶ
1793 465 1898 520 πᾶ-

296 574 413 620 σαι,
436 549 528 607 καὶ
556 548 667 608 οὐδ’
696 554 742 608 εἰ
770 549 950 626 ἕτεραι
976 548 1116 625 πρὸς
1141 546 1382 625 ταύτῃσι
1406 546 1697 627 γενόμεναι
1724 574 1894 625 στρα-

295 638 581 712 τηλασίαι,
608 640 740 713 μιῆς
780 635 954 713 τῆσδε
998 634 1097 694 οὐκ
1124 634 1293 703 ἄξιαι.
1375 635 1436 693 τί
1456 634 1565 715 γοὶρ
1593 634 1691 693 οὐκ
1717 634 1897 717 ἤγαγε

296 728 356 783 ἐκ
382 730 483 800 τῆς
520 724 719 801 Ἀσίης
746 725 899 787 ἔθνος
926 723 1018 783 ἐπὶ
1043 722 1148 799 τὴν
1172 722 1426 781 Ἐλλάδα
1454 722 1698 799 Ξέρξης;
1742 728 1897 784 κοῖον

294 810 355 871 δὲ
380 812 675 891 πινόμενόν
698 839 797 890 μιν
822 811 965 888 ὕδωρ
1001 810 1100 871 οὔκ
1137 810 1385 879 ἐπέλιπε,
1414 808 1567 885 πλὴν
1593 813 1702 870 τῶν
1725 812 1894 890 μεγά-

294 904 409 961 λων
450 906 748 979 ποταμῶν;
793 903 847 959 οἱ
885 902 991 978 μὲν
1031 898 1141 981 γάρ
1184 899 1307 961 νέας
1349 898 1702 977 παρείχοντο,
1741 902 1795 958 οἱ
1835 899 1895 959 δὲ

296 994 351 1052 ἐς
391 989 558 1061 πεζὸν
586 988 901 1068 ἐτετάχατο·
947 992 1100 1047 τοῖσι
1147 988 1207 1046 δὲ
1257 987 1426 1049 ἵππος
1461 988 1892 1064 προσετέτακτο,

294 1081 447 1138 τοῖσι
505 1077 564 1136 δὲ
626 1076 926 1157 ἱππαγωγοὶ
977 1080 1155 1135 πλοῖα
1209 1074 1325 1152 ἅμα
1379 1077 1892 1152 στρατευομένοισι·

293 1168 447 1224 τοῖσι
473 1165 533 1224 δὲ
560 1169 614 1227 ἐς
639 1163 739 1226 τοὶς
764 1163 1011 1243 γεφύρας
1035 1162 1253 1241 μακράς
1279 1163 1403 1226 νέας
1434 1164 1713 1241 παρέχειν,
1740 1168 1894 1224 τοῖσι

296 1251 356 1310 δὲ
396 1252 530 1311 σῖτά
567 1276 630 1312 τε
671 1252 763 1309 καὶ
803 1250 946 1313 νέας.

199 1344 278 1399 22
377 1340 494 1398 Καὶ
531 1342 697 1400 τοῦτο
722 1340 841 1416 μὲν,
871 1337 941 1402 ὥς
964 1338 1475 1415 προσπταισάντων
1513 1344 1623 1399 τῶν
1662 1339 1892 1417 πρώτων

295 1426 707 1507 περιπλεόντων
758 1427 886 1504 περὶ
938 1426 1036 1487 τόν
1077 1423 1284 1496 Ἀθων,
1339 1426 1772 1504 προετοιμάζετο
1831 1433 1892 1487 ἐκ

293 1519 457 1592 τριῶν
512 1515 672 1575 ἐτέων
724 1540 823 1574 κου
873 1513 1128 1591 μάλιστα
1178 1520 1231 1576 ἐς
1277 1514 1377 1574 τόν
1411 1512 1626 1575 Ἀθων·
1682 1520 1740 1574 ἐν
1782 1515 1890 1596 γοῖρ

294 1602 613 1663 Ἐλαιοῦντι
655 1606 758 1679 τῆς
804 1600 1204 1680 Χερσονήσου.
1227 1600 1437 1679 ὥρμεον
1482 1602 1749 1679 τριήρεες·
1810 1608 1886 1663 ἐν-

296 1693 485 1754 θεῦτεν
511 1692 570 1752 δὲ
596 1690 949 1771 ὅρμεώμενοι,
980 1690 1240 1769 ὤρυσσον
1275 1689 1385 1749 find
1426 1691 1716 1771 μαστίγων
1755 1716 1886 1752 παν-

290 1782 527 1841 τοδαποὶ
566 1784 667 1857 τῆς
692 1785 976 1857 στρατιῆς·
1020 1779 1269 1856 διάδοχοι
1302 1777 1348 1836 δ’
1377 1778 1630 1854 ἐφοίτων.
1716 1778 1890 1856 ὤρυσ-

294 1895 402 1929 σον
429 1869 487 1928 δὲ
514 1869 605 1927 καὶ
633 1872 687 1928 οἱ
711 1868 838 1945 περὶ
861 1868 961 1927 τόν
977 1867 1164 1926 Ἀθων
1192 1867 1595 1943 κατοικημένοι.
1665 1867 1887 1941 Βουβά-

290 1984 392 2035 ρης
434 1957 493 2016 δὲ
534 1955 565 2015 ὁ
609 1955 974 2036 Μεγαβάζου,
1022 1954 1113 2012 καὶ
1154 1953 1493 2032 Ἀρταχαίης
1538 1952 1570 2012 ὅ
1611 1952 1887 2030 Ἀρταίου,

292 2044 481 2122 ἄνδρες
499 2043 737 2119 Πέρσαι,
765 2041 1101 2101 ἐπεστάτεον
1125 2044 1228 2101 τοῦ
1257 2042 1438 2122 ἔργου.
1523 2039 1554 2100 ὁ
1580 2042 1688 2122 γσῖρ
1707 2041 1891 2106 ''Aom-

295 2133 418 2190 ἐστὶ
464 2129 592 2206 ὅρος
635 2130 783 2210 μέγα
823 2154 886 2188 τε
932 2128 1024 2187 καὶ
1067 2127 1436 2206 οὗνομαστόν,
1485 2133 1539 2191 ἐς
1589 2128 1892 2190 θάλασσαν

297 2223 553 2294 κατῆκον,
599 2218 888 2293 οἰκημένον
930 2215 1039 2277 fior&
1086 2215 1406 2292 ἀνθρώπων·
1450 2219 1521 2294 τῇ
1557 2216 1616 2274 δὲ
1657 2222 1892 2298 τελευτᾷ

295 2313 349 2370 ἐς
373 2305 477 2383 τήν
507 2304 737 2382 ἤπειρον
762 2305 827 2365 τό
856 2304 999 2382 ὅρος,
1026 2303 1488 2384 χερσονησοειδές
1528 2305 1594 2362 τέ
1633 2308 1757 2363 ἐστι
1799 2307 1891 2364 καὶ

296 2393 498 2470 ἴσθμός
526 2393 596 2456 ὥς
622 2392 829 2452 δώδεκα
862 2393 1118 2453 σταδίων·
1163 2392 1354 2451 πεδίον
1393 2391 1451 2450 δὲ
1486 2395 1654 2451 τοῦτο
1683 2393 1774 2451 καὶ
1803 2421 1892 2453 κο-

293 2481 462 2541 λωνοὶ
498 2479 561 2540 οὗ
598 2480 839 2562 μεγάλοι
881 2486 940 2539 ἐκ
984 2480 1284 2555 θαλάσσης
1317 2484 1416 2555 τῆς
1455 2477 1760 2541 Ἀκανθίων
1803 2481 1894 2540 ἐπὶ

294 2569 596 2630 θάλασσαν
646 2569 751 2644 τήν
796 2568 983 2629 άντίον
1029 2567 1313 2645 Τορώνης·
1373 2574 1430 2628 ἐν
1479 2567 1538 2627 δὲ
1585 2572 1662 2646 τῷ
1711 2571 1894 2648 ἰσθμῷ

291 2656 484 2736 τούτῳ,
518 2662 573 2720 ἐς
604 2655 705 2717 τόν
729 2659 963 2736 τελευτᾲ
1004 2656 1036 2716 ὁ
1059 2656 1263 2726 Ἀθως,
1294 2655 1445 2732 Σάνη
1476 2655 1644 2719 πόλις
1681 2655 1895 2720 Ἑλλάς

294 2747 525 2821 οἴκηται·
569 2747 628 2804 αἲ
654 2745 713 2804 δὲ
742 2744 895 2808 ἐντὸς
924 2743 1102 2819 Σάνης
1132 2746 1241 2804 ἔσω
1269 2745 1326 2802 δὲ
1353 2748 1453 2803 τοῦ
1485 2743 1642 2804 Ἀθω
1677 2745 1893 2820 οἰκημέ-

292 2859 398 2904 ναι,
425 2834 526 2898 τὰς
551 2833 678 2894 τότε
704 2832 736 2893 ὁ
759 2834 989 2910 Πέρσης
1018 2831 1346 2907 νησιώτιδας
1375 2831 1498 2892 οἷντὶ
1523 2832 1896 2910 ἠπειρωτίδων

293 2921 514 3000 ὥρμητο
528 2923 751 2992 ποιέειν,
761 2922 871 2981 εἶσὶ
888 2921 1024 2980 αἵδε·
1045 2919 1893 2997 Δῖον,Ὀλόφυξος,Ἀκράθωον,

292 3010 537 3083 Θύσσος,
560 3010 835 3070 Κλεωναί·
877 3010 1044 3072 πόλις
1069 3011 1173 3086 μὲν
1194 3006 1373 3079 αὗται,
1396 3007 1455 3067 αἳ
1478 3007 1579 3067 τᾶν
1599 3006 1786 3068 Ἀθων
1813 3008 1897 3068 νέ-

196 3099 274 3158 23
295 3125 513 3176 μονται.
584 3100 880 3179 Ὧρυσσον
908 3097 967 3158 δὲ
995 3094 1117 3156 ὧδε·
1162 3097 1466 3173 δασάμενοι
1498 3096 1599 3156 τόν
1624 3100 1810 3175 χῶρον
1843 3099 1896 3154 οἱ

294 3185 586 3265 βάρβαροι
615 3189 755 3249 κατοὶ
784 3189 957 3255 ἔθνεα,
978 3185 1118 3245 κατὰ
1135 3184 1322 3261 Σάνην
1348 3183 1519 3244 πόλιν
1547 3185 1896 3262 σχοινοτενὲς

293 3276 684 3352 ποιησάμενοι·
727 3276 845 3336 ἐπεὶ
889 3275 947 3334 δὲ
993 3275 1209 3354 ἐγένετο
1249 3274 1460 3349 βαθεῖα
1504 3270 1541 3347 ἦ
1583 3269 1797 3346 διώρυξ,
1842 3271 1896 3325 οἱ
