2259 3500
307 111 374 158 5⁰
913 107 1282 157 ‘HPOAowr
1814 105 1909 172 [V.

309 187 566 264 βασιλέα
607 185 856 262 πόλεμον
897 184 1281 256 ἐσκευάζοντο.
1362 183 1693 250 πλώσαντες
1742 185 1801 244 δὲ
1856 191 1912 252 ἐς

307 275 406 336 τόν
431 273 879 349 Ἑλλήσποντον,
901 272 1205 344 Βυζάντιόν
1228 298 1291 334 τε
1316 273 1409 332 καὶ
1427 271 1529 335 τὰς
1544 273 1727 337 ἄλλας
1746 274 1913 340 πόλις

311 361 539 438 1ἁπάσας
563 363 663 426 τὰς
688 360 862 440 ταύτῃ
893 360 984 421 ὑπ’
1013 364 1268 420 ἑωυτοῖσι
1298 360 1656 436 ἐποιήσαντο·
1700 362 1913 424 ἐκπλώ-

311 451 513 514 σαντές
545 477 607 510 τε
639 450 740 520 ἔξω
779 448 878 510 τᾶν
907 447 1355 524 Ἑλλήσποντον,
1392 450 1608 526 Καρίης
1634 449 1740 526 τήν
1770 455 1913 510 πολ-

310 538 418 614 λὴν
445 536 909 616 προσεκτήσαντο
935 538 1114 613 σφίσι
1148 535 1453 616 σύμμαχον
1481 536 1643 602 εἶναι·Ι
1684 538 1776 599 καὶ
1802 538 1913 618 γσῖρ

311 627 414 702 τὴν
457 629 680 686 Καῦνον
720 625 991 704 πρότερον
1031 625 1095 685 οὗ
1136 626 1493 701 βουλομένην
1547 626 1911 704 συμμαχέειν,

311 713 383 778 ὦς
425 717 736 793 ἐνέπρησαν
773 713 874 779 τὰς
905 713 1106 790 Σάρδις
1139 713 1267 775 τότε
1298 720 1413 790 σφι
1448 713 1541 772 καὶ
1569 711 1708 788 αὕτη
1734 739 1913 790 προσ-

149 859 170 875 ,
219 804 334 862 104
353 803 587 883 εγένετο.
672 802 914 880 Κύπριοι
955 802 1014 861 δὲ
1057 801 1349 863 ἐθέλονταί
1372 806 1483 877 σφι
1509 799 1712 866 πάντες
1734 827 1912 878 προσ-

313 891 581 970 εγένοντο,
619 889 774 968 πλὴν
811 889 1223 967 Ἀμαθουσίων.
1304 886 1637 964 ἀπέστησαν
1676 888 1787 970 γοὶρ
1821 890 1913 949 καὶ

311 975 464 1038 οὗτοι
493 977 595 1038 ὧδε
621 978 734 1038 οἷπό
760 978 986 1053 Μήδων·
1013 976 1084 1053 ἦν
1108 976 1413 1054 Ὀνήσιλος
1440 976 1659 1057 Γόργου
1685 980 1789 1053 μὲν
1812 981 1912 1038 τοῦ

311 1067 671 1142 Σαλαμινίων
709 1066 988 1142 βασιλέος
1027 1064 1305 1141 ἀδελφεὰς
1342 1063 1618 1142 νεώτερος,
1668 1065 1913 1142 Χέρσιος

313 1154 373 1213 δὲ
411 1159 512 1214 τοῦ
554 1152 810 1230 Σιρώμου
847 1157 946 1212 τοῦ
986 1150 1335 1216 Εὐέλθοντος
1374 1152 1524 1216 πάϊς·
1566 1150 1727 1217 οὗτος
1767 1152 1911 1230 ὦνήρ

311 1241 590 1304 πολλάκις
613 1243 716 1317 μὲν
742 1240 836 1300 καὶ
861 1239 1130 1317 πρότερον
1155 1239 1253 1303 τὸν
1280 1241 1497 1322 Γόργον
1532 1243 1911 1322 παρηγορέετο

313 1327 668 1389 ἐπίστασθαι
714 1327 825 1389 ‹in-6
868 1327 1166 1404 βασιλέος·
1200 1327 1357 1389 πότε
1410 1328 1473 1398 δ’,
1518 1328 1590 1392 ὥς
1642 1329 1733 1388 καὶ
1782 1329 1912 1393 τοῦς

302 1414 498 1478 Ἴωνας
534 1416 766 1476 ἐπύθετο
793 1414 1120 1485 ἀπεστάναι,
1148 1415 1339 1497 πάγχυ
1367 1417 1703 1492 ἐπικείμενος
1728 1421 1908 1498 ἐνῆγε·

313 1503 385 1566 ὥς
424 1505 485 1564 δὲ
521 1503 621 1563 οὐκ
658 1505 842 1564 ἔπειθε
875 1501 974 1564 τᾶν
1004 1502 1245 1586 Γόργον,
1266 1503 1503 1564 ἐνθαῦτά
1532 1530 1627 1581 μιν
1655 1504 1911 1580 φυλάξας

316 1586 614 1662 ἐξελθόντα
648 1591 714 1653 vd
751 1590 896 1654 ἄστυ
920 1589 988 1651 τὸ
1025 1592 1379 1669 Σαλαμινίων
1406 1591 1439 1651 ὅ
1464 1590 1769 1668 Ὀνήσιλος
1793 1592 1911 1670 ἅμα

315 1683 470 1740 τοῖσι
512 1683 712 1740 ἑωυτοῦ
752 1677 1122 1758 στασιώτῃσι,
1166 1678 1479 1756 ἅπεκλήῖσε
1517 1684 1627 1740 τῶν
1673 1681 1908 1742 πυλέων.

315 1768 530 1851 Γόργος
547 1795 651 1847 μεν
677 1769 746 1845 δὴ
773 1768 1060 1846 στερηθεὶς
1097 1771 1199 1843 τῆς
1233 1766 1432 1830 πόλιος
1468 1767 1667 1849 ἔφευγε
1700 1776 1755 1833 ἐς
1785 1769 1910 1846 Μή-

317 1858 459 1929 δους,
500 1857 805 1932 Ὀνήσιλος
845 1857 905 1916 δε
957 1854 1098 1940 ἦρχε
1142 1857 1479 1932 Σαλαμῖνος,
1526 1857 1619 1915 καὶ
1660 1855 1911 1918 ἀνέπειθε

311 1970 524 2007 παντας
583 1943 871 2019 Κυπρίους
923 1943 1401 2006 συναπίστασθαι.
1508 1943 1636 2007 τοῦς
1686 1946 1789 2021 μὲν
1842 1945 1909 2022 δὴ

312 2032 524 2094 ἄλλους
565 2028 844 2091 ἀνέπεισε·
890 2029 1303 2107 Ἀμαθουσίους
1337 2031 1398 2090 δὲ
1434 2030 1498 2090 οὖ
1527 2032 1911 2108 βουλομένους

314 2122 368 2179 οἱ
393 2119 688 2179 πείθεσθαι
717 2117 1038 2195 ἐπολιόρκεε
1063 2116 1541 2196 προσκατήμενος.

221 2209 337 2267 105
417 2205 721 2281 Ὀνήσιλος
744 2206 849 2284 μέν
874 2232 969 2265 νυν
1002 2206 1323 2284 ἐπολιόρκεε
1347 2205 1720 2283 Ἀμαθοῦντα.
1802 2210 1912 2284 βα-

315 2294 471 2356 σιλέϊ
531 2294 590 2353 δὲ
643 2294 858 2373 Δαρείῳ
914 2293 985 2357 ὥς
1039 2294 1353 2375 ἐξαγγέλθη
1408 2294 1609 2372 Σάρδις
1661 2294 1913 2360 ἁλούσας

315 2382 712 2460 ἐμπεπρῆσθαι
750 2380 860 2442 ὖπό
897 2408 961 2442 τε
999 2380 1307 2457 Ἀθηναίων
1348 2382 1441 2442 καὶ
1476 2382 1687 2455 Ἰώνων,
1720 2383 1819 2444 τόν
1855 2384 1914 2443 δὲ

313 2468 560 2551 ἡγεμόνα
601 2470 864 2550 γενέσθαι
903 2474 1004 2545 τῆς
1047 2473 1340 2550 συλλογῆς
1382 2472 1527 2531 ὥστε
1566 2475 1743 2531 ταῦτα
1784 2497 1911 2531 συν-

315 2558 630 2633 υφανθῆναι
668 2555 770 2617 τᾶν
806 2555 1100 2632 Μιλήσιον
1128 2556 1557 2637 Ἀρισταγόρην,
1585 2562 1777 2634 πρῶτα
1812 2561 1916 2636 μὲν

315 2646 541 2726 λέγεται
581 2644 768 2715 αὐτόν,
825 2644 896 2709 ὥς
941 2643 1175 2704 ἐπύθετο
1227 2649 1419 2713 ταῦτα,
1471 2642 1669 2704 Ἰώνων
1721 2644 1915 2707 σῦδένα

315 2732 492 2814 λόγον
524 2732 923 2809 ποιησάμενον,
963 2730 1022 2791 εὖ
1060 2730 1244 2791 εἰδότα
1280 2730 1351 2795 ὥς
1382 2728 1541 2791 οὗτοί
1563 2758 1629 2814 γε
1657 2732 1723 2793 οὗ
1750 2760 1915 2793 κατα-

320 2822 642 2900 προΐξονται
668 2819 1032 2889 ἀποστάντες,
1055 2820 1305 2897 εἴρεσθαι
1332 2820 1529 2884 οἵτινες
1549 2819 1657 2881 εἶεν
1675 2824 1731 2881 οἱ
1749 2821 1915 2899 Ἀθη-

317 2913 494 2980 ναῖοι;
527 2909 694 2986 ,μετὰ
741 2908 816 2979 δὲ,
861 2907 1191 2985 πυθόμενον,
1232 2910 1463 2984 αἰτῆσαι
1491 2907 1559 2968 τὰ
1594 2908 1779 2979 τόξον,
1815 2914 1917 2969 λα-

314 2997 496 3073 βόντα
535 2997 595 3057 δὲ
635 2997 729 3056 καὶ
767 2996 1028 3058 ἐπιθέντα
1066 2993 1265 3057 fitero-‹31›
1304 2995 1415 3057 ἅνω
1454 3000 1511 3060 ἐς
1549 2995 1648 3057 τόν
1684 2995 1918 3074 οὐρανὸν

315 3083 552 3158 ἀπεῖναι,
581 3088 679 3145 καί
712 3112 809 3163 μιν
850 3089 906 3147 ἐς
943 3083 1042 3144 τόν
1080 3082 1221 3162 ἠέρα
1254 3084 1556 3162 βάλλοντα
1588 3088 1779 3145 εἰπεῖν·
1822 3094 1857 3120 “
1875 3083 1918 3141 ὦ

317 3175 440 3243 Ζεῦ,
477 3174 801 3256 ἐκγενέσθαι
835 3198 936 3250 μοι
965 3171 1293 3248 Ἀθηναίους
1326 3171 1651 3235 τίσασθαι·”
1688 3173 1917 3230 εἴπαντα

315 3257 380 3319 δὲ
428 3266 606 3323 ταῦτα
657 3261 974 3341 προστάξαι
1013 3259 1093 3322 ἐνὶ
1130 3265 1242 3323 τῶν
1282 3262 1653 3340 θεραπόντων,
1695 3257 1919 3319 δείπνου
