2259 3500
323 119 387 173 το
927 114 1300 168 ἨΡοΔοωοτ
1762 116 1922 182 ’[Ἧι

324 198 417 258 καὶ
455 199 674 257 ἐποίευν
713 199 837 257 ἀντὶ
873 197 1014 256 εἶναι
1043 195 1299 276 ἐνόρχιας
1324 193 1635 276 εὐνούχους,
1661 195 1756 255 καὶ
1782 223 1925 274 παρ·

322 285 514 348 θένους
537 284 638 348 τοὶς
663 283 1151 346 καλλιστευούσας
1182 283 1583 348 ἀνασπάστους
1622 283 1777 361 παρὰ
1814 287 1925 362 βα·-

320 373 508 433 σιλέα·
551 372 726 432 ταῦτα’.
759 397 822 431 τε
859 371 930 447 δή
973 371 1191 432 ἐποίευν
1218 370 1311 431 καὶ
1335 371 1437 434 ταῖς
1461 371 1666 436 πόλιας
1707 375 1923 452 ἐνεπίμ-

325 487 557 537 πρασαν
600 459 823 520 αὐτοῖσι
863 463 1018 521 τοῖσι
1061 462 1254 538 ἱροῖσι.
1336 459 1479 520 οὕτω
1526 460 1585 519 δὲ
1624 460 1692 521 vd
1735 462 1925 538 τρίτον

311 547 498 612 Ἴωνες
524 547 1040 625 κατεδουλώθησαν,
1067 551 1293 626 πρῶτον
1324 550 1442 626 μὲν·
1465 547 1577 609 ὖπό
1600 549 1813 621 Λυδῶν,
1842 550 1924 614 δὶς

321 638 382 696 δὲ
422 637 620 713 ἐπεξῆς
657 636 787 698 τότε
823 636 936 697 ὖπό
977 635 1267 714 Περσέων.

225 727 303 785 33
403 724 549 786 Ἀπό
578 725 638 785 δὲ
651 725 862 802 Ἰωνίης
874 723 1396 802 ἀπαλλασσόμενος
1421 721 1455 783 ὅ
1482 723 1737 787 ναυτικός
1752 751 1923 803 στρα-

319 811 416 876 τὸς
453 813 526 874 τὰ
567 813 652 873 ἐπ’
693 812 964 891 ἀριστερὰ
1003 812 1307 872 ἐσπλέοντι
1346 814 1447 871 τοῦ
1486 809 1923 886 Ἑλλησπόντου

319 904 471 979 αἵρεε
495 901 698 962 πάντα·
737 901 810 960 τοὶ
833 902 945 982 γὰρ
987 900 1078 960 ἐπὶ
1118 898 1271 969 δεξιᾶ
1300 898 1524 958 αὖτοῖσι
1547 898 1749 980 [τοῖσι]
1777 902 1922 978 Πέρ-

320 1016 464 1068 σῃσι
502 989 797 1068 ὑποχείρια,
828 988 898 1064 ἦν
922 986 1197 1070 γεγονότα
1238 986 1355 1046 κατ’
1381 985 1633 1064 ἤπειρον.
1715 989 1827 1048 εἰσὶ
1862 990 1923 1050 δὲ

265 1069 270 1073 ’
321 1083 380 1137 ἐν
403 1081 476 1156 τῇ
500 1076 742 1184 E„²3p“5“⁹
779 1076 897 1136 αἵδε
933 1080 1033 1136 τοῦ
1059 1074 1513 1152 Ἑλλησπόντου·
1554 1076 1923 1153 Χερσόνησός

318 1191 383 1224 τε
409 1170 470 1225 ἐν
493 1169 564 1244 τῇ
590 1164 785 1226 πόλιες
823 1165 1032 1243 συχναὶ
1067 1163 1253 1237 ἔνεισι,
1286 1163 1379 1222 καὶ
1406 1155 1697 1240 Πέρινθος,
1726 1164 1817 1224 καὶ
1849 1192 1921 1226 τα

320 1253 512 1332 τείχεα
539 1251 612 1312 τοὶ
647 1251 739 1310 ἐπὶ
765 1251 1022 1328 Θρηίκης,
1051 1249 1145 1310 καὶ
1173 1249 1471 1326 Σηλυβρίη
1496 1275 1559 1309 τε
1594 1251 1687 1309 καὶ
1714 1251 1919 1322 Βυζαν-

319 1365 458 1400 τιον.
540 1339 833 1410 Βυζάντιοι
871 1340 976 1417 μέν
1014 1364 1112 1400 νυν
1154 1339 1247 1396 καὶ
1280 1341 1333 1397 οῗ,
1358 1337 1600 1415 περηθεν
1626 1340 1919 1415 Χαλκηδό-

320 1454 429 1488 νιοι
463 1427 576 1488 οὐδ’
599 1427 898 1505 υπέμειναν
935 1427 1302 1490 ἐπιπλέοντας
1330 1451 1460 1488 τους
1486 1427 1757 1497 Φοίνικας,
1788 1426 1920 1486 ἀλλ’

323 1517 546 1596 οἴχοντο
587 1515 961 1579 ἀπολιπόντες
989 1541 1096 1592 την
1120 1515 1405 1592 σφετέρην
1445 1514 1555 1572 ἔσω
1596 1517 1652 1576 ἐς
1689 1512 1793 1574 τόν
1815 1514 1922 1574 Εὔ-

321 1604 500 1674 ξεινον
539 1603 764 1665 πόντον·
803 1605 896 1664 καὶ
939 1605 1179 1665 ἐνθαῦτα
1219 1602 1391 1662 πόλιν
1424 1603 1813 1680 Μεσαμβρίην
1845 1603 1919 1663 οἵ·

321 1719 524 1770 κησαν.
605 1697 660 1754 οἳ
703 1694 763 1753 δὲ
803 1694 1054 1757 Φοίνικες
1095 1690 1544 1753 κατακαύσαντες
1584 1690 1789 1756 ταύτας
1822 1691 1923 1756 τοὶς

319 1782 505 1862 χώρας
544 1782 645 1845 ταῖς
693 1782 1153 1859 καταλεχθείσας,
1196 1778 1502 1856 τράπονται
1544 1778 1641 1836 ἐπί
1674 1804 1737 1839 τε
1770 1786 1923 1857 Προ-

321 1870 596 1946 κόννησον
637 1870 730 1929 καὶ
752 1868 1048 1946 Ἀρτάκην·
1089 1867 1223 1945 πυρὶ
1250 1867 1311 1927 δὲ
1341 1868 1435 1926 καὶ
1464 1866 1667 1929 ταύτας
1706 1868 1922 1943 νείμαν·

320 1983 411 2020 τες
447 1959 664 2032 ἔπλωον
698 1954 850 2019 αὖτις
889 1961 944 2018 ἐς
982 1955 1086 2031 τὴν
1111 1954 1503 2033 Χερσόνησον,
1532 1954 1923 2032 ἐξαιρήσοντες

318 2045 419 2107 τοῖς
445 2044 768 2105 ἐπιλοίπους
792 2047 902 2104 τῶν
928 2045 1141 2104 πολίων
1168 2044 1309 2107 ὅσας
1336 2043 1609 2121 πρότερον
1639 2043 1921 2123 προσχόν-

320 2158 412 2195 τες
458 2131 522 2191 οὖ
562 2132 894 2207 κατέσυραν.
951 2132 1042 2191 ἐπὶ
1087 2132 1149 2191 δὲ
1196 2131 1444 2203 Κύζικον
1470 2132 1618 2191 ,οὐδὲ
1660 2128 1922 2192 ἔπλωσαν

321 2218 522 2299 ἀρχήν·
563 2218 722 2279 αὐτοὶ
748 2218 856 2299 γοὶρ
885 2220 1187 2295 Κυζικηνοὶ
1213 2221 1293 2279 ἔτι
1316 2219 1588 2297 πρότερον
1613 2224 1715 2279 τοῦ
1742 2222 1923 2280 Φοινί-

322 2333 430 2367 κων
473 2308 690 2367 ἔσπλου
735 2306 1066 2389 ἐγεγόνεσαν
1107 2307 1219 2367 find
1262 2308 1523 2383 βασιλέϊ,
1570 2308 1811 2384 Οἰβάρεϊ
1846 2312 1923 2387 τῷ

321 2394 676 2477 Μεγαβάζου
716 2393 1175 2505 ὁμολογήσαντες
1198 2399 1275 2475 τῷ
1302 2400 1361 2455 ἐν
1387 2396 1723 2474 Δασκυλείῳ
1748 2395 1921 2472 ὑπάρ-

318 2510 416 2562 χω.
501 2486 602 2559 τῆς
626 2484 687 2541 δὲ
711 2483 1098 2595 Χερσονήσου,
1125 2483 1281 2594 πλην
1303 2482 1553 2559 Καρδίης
1579 2482 1797 2553 πόλιος,
1822 2484 1923 2548 τὰς

321 2570 503 2634 ἄλλας
542 2570 732 2635 πάσας
773 2571 1145 2649 ἐχειρωσαντο
1188 2574 1241 2631 οἱ
1281 2571 1547 2633 Φοίνικες.

227 2660 302 2718 34
399 2657 756 2735 Ἐτυράννευε
801 2659 861 2717 δὲ
972 2661 1108 2720 τέων
1155 2659 1324 2739 μέχρι
1364 2658 1494 2719 τότε
1530 2656 1850 2733 Μιλτιάδης
1889 2657 1923 2719 ὅ

321 2748 580 2823 Κίμωνος
619 2751 721 2806 τοῦ
763 2746 1153 2827 Στησαγόρεω,
1199 2746 1552 2823 κτησαμένου
1598 2745 1701 2822 τήν
1742 2744 1924 2825 οἷρχὴν

321 2834 528 2910 ταύτην
575 2834 849 2912 πρότερον
892 2835 1216 2895 Μιλτιάδεω
1261 2836 1362 2895 ‘rofi'
1408 2834 1681 2913 Κυψίλου
1731 2833 1921 2913 τρόπῳ

318 2923 528 3001 τοιῷδε·
586 2923 738 3001 εἶχον
787 2922 1074 3003 Δόλογκοι
1120 2922 1355 2999 Θρήϊκες
1398 2922 1503 3000 τήν
1548 2921 1923 2999 Χερσόνησον

317 3010 543 3087 ταύτην.
617 3009 772 3071 οὗτοι
809 3010 881 3070 ὧν
920 3014 972 3068 οἶ
1006 3010 1295 3090 Δόλογκοι
1327 3011 1652 3072 πιεσθέντες
1690 3010 1922 3087 πολέμῳ

317 3097 428 3158 fier&
453 3098 770 3177 Ἀψινθίων,
799 3104 853 3162 ἐς
881 3098 1149 3175 Δελφοῦς
1190 3100 1443 3177 ἔπεμψαν
1480 3098 1613 3160 τοῦς
1638 3096 1923 3173 βασιλέας

317 3186 446 3262 περὶ
491 3192 593 3247 τοῦ
637 3188 891 3266 πολέμου
931 3188 1335 3266 χρησομένους·
1388 3186 1427 3262 ἤ
1474 3187 1533 3246 δὲ
1578 3184 1766 3257 Πυθίη
1806 3188 1922 3257 σφι

318 3270 506 3335 ἀνεῖλε
547 3276 802 3354 οἰκιστὴν
845 3275 1157 3358 ἐπάγεσθαι
1198 3276 1293 3335 ἐπὶ
1329 3274 1435 3351 τὴν
1474 3272 1663 3352 χώρην
1697 3272 1919 3339 τοῦτον,
