2259 3500
358 169 576 234 87-91]
1030 166 1255 215 mum.
1887 165 1952 213 95

356 250 578 309 σασθαι
630 245 717 307 ἐπ’
759 244 1117 327 Αἰγινήτῃσι·
1173 245 1266 305 καὶ
1315 244 1388 322 ἦν
1437 243 1550 325 γὰρ
1603 241 1954 321 Νικόδρομος

357 336 607 397 Κνοίθου
661 334 995 411 καλεόμενος
1048 338 1107 394 ἐν
1150 337 1224 413 τῇ
1268 332 1468 415 Αἰγίνῃ
1519 329 1658 409 ἀνὴρ
1711 330 1954 408 δόκιμος,

358 421 519 485 οὗτος
557 420 919 499 μεμφόμενος
964 423 1069 498 μὲν
1109 426 1263 482 τοῖσι
1305 420 1639 501 Αἰγινήτῃσι
1679 418 1954 496 προτέρην

356 513 557 570 ἐωυτοΰ
594 510 856 579 ἐξέλασιν
892 513 953 569 ἐκ
987 513 1089 585 τῆς
1124 508 1318 585 νήσου,
1347 508 1540 587 μαθων
1571 507 1630 567 δὲ
1660 506 1788 567 τότε
1824 532 1954 571 τους

354 588 681 673 Ἀθηναίους
726 596 1134 673 ἀναρτημένους
1189 597 1362 674 ἔρδειν
1407 594 1706 677 Αἰγινήτας
1757 597 1950 665 κακῶς,
1987 620 1996 631 ·

353 685 671 745 συντίθεται
708 683 1059 759 Ἀθηναίοισι
1100 684 1408 761 προδοσίην
1441 683 1683 763 Αἰγίνης,
1723 683 1952 760 φράσας

353 776 413 833 ἐν
437 776 509 850 τῇ
534 797 596 832 τε
620 770 801 851 ἡμέρῃ
828 770 1188 849 ἐπιχειρήσει,
1212 771 1305 831 καὶ
1331 771 1566 833 ἐκείνους
1593 776 1648 833 ἐς
1670 770 1774 847 τήν
1798 770 1952 847 ἥκειν

352 858 543 934 δεήσει
582 858 945 935 βοηθέοντας·
986 884 1129 935 μετα
1169 862 1361 929 ταῦτα,
1391 857 1815 935 καταλαμβάνει
1849 860 1953 934 μὲν

352 970 494 1017 κατα
530 972 602 1005 τα
638 945 983 1021 συνεθήκατο
1022 945 1053 1005 ὁ
1088 946 1439 1023 Νικόδρομος
1463 944 1814 1021 Ἀθηναίοισι
1847 945 1986 1021 τήν.

350 1033 600 1109 παλαιὴν
626 1035 968 1109 καλεομένην
992 1033 1180 1093 πόλιν·
1221 1033 1510 1109 Ἀθηναῖοι
1536 1034 1594 1093 δὲ
1623 1032 1686 1093 οὗ
1712 1034 1946 1114 παραγί-
1967 1036 2042 1095 89

349 1145 536 1181 νονται
562 1126 619 1184 ἐς
646 1121 789 1181 δέον·
832 1119 898 1180 οὗ
922 1120 1033 1201 γὰρ
1061 1121 1309 1201 ἔτυχον’
1283 1125 1478 1181 εοῦσαι
1513 1121 1629 1185 νέες
1654 1125 1766 1197 σφι
1801 1120 1950 1191 ἀξιό-

348 1232 525 1287 μαχοι
548 1212 686 1286 τῇσι
713 1208 1047 1287 Αἰγινητέων
1080 1209 1452 1285 συμβαλέειν·
1495 1213 1554 1269 ἐν
1579 1207 1622 1289 ᾧ
1649 1208 1722 1269 ὦν
1749 1215 1950 1286 Κοριν-

352 1295 481 1354 θίων
523 1296 741 1356 ἐδέοντο
782 1296 1002 1374 χρῆσαί
1040 1303 1154 1373 σφι
1197 1298 1336 1369 νέας,
1371 1302 1430 1358 ἐν
1463 1296 1640 1376 τούτῳ
1677 1297 1950 1373 διεφθάρη

349 1381 420 1441 ταῖ
456 1383 781 1463 πρήγματα.
864 1385 917 1441 οἱ
944 1384 1003 1443 δὲ
1031 1384 1335 1460 Κορίνθιοι,
1367 1384 1518 1459 ἦσαν
1539 1384 1650 1465 γάρ
1677 1391 1790 1459 σφι
1825 1389 1948 1445 τοῦ·

348 1494 447 1529 τον
486 1470 585 1530 τόν
628 1470 833 1549 χρόνον
876 1471 1042 1545 φίλοι
1083 1476 1139 1534 ἐς
1178 1471 1250 1531 τοὶ
1291 1471 1565 1548 μάλιστα,
1600 1472 1950 1548 Ἀθηναίοισι

350 1555 563 1616 διδοῦσι
606 1557 922 1634 δεομένοισι
970 1559 1147 1617 εἴκοσι
1194 1559 1336 1628 νέας,
1381 1560 1598 1619 διδοῦσι
1645 1560 1704 1618 δὲ
1751 1585 1950 1619 πεντα-

349 1644 630 1724 δράχμους
658 1644 1016 1721 ἀποδόμενοι·
1060 1644 1288 1720 δωτίνην
1327 1646 1438 1725 γάρ
1465 1652 1524 1705 ἐν
1549 1651 1626 1724 τῷ
1652 1646 1802 1725 νόμῳ
1842 1645 1948 1705 οὐκ

348 1733 479 1808 ἐξῆν
505 1734 712 1794 δοῦναι·
751 1732 955 1796 ταύτας
978 1758 1041 1793 τε
1068 1732 1136 1808 δὴ
1163 1732 1442 1809 λαβόντες
1468 1735 1523 1793 οἰ
1546 1732 1832 1807 Ἀθηναῖοι
1858 1733 1950 1792 καὶ

346 1820 448 1883 τοῖς
488 1822 781 1899 σφετέρας,
815 1820 1216 1897 πληρώσαντες
1249 1820 1637 1896 ἐβδομήκοντα
1679 1820 1804 1882 νέας
1845 1820 1946 1882 τσῖς

348 1908 587 1982 ἁπάσας,
618 1909 817 1970 ἔπλεον
838 1909 931 1968 ἐπὶ
956 1908 1059 1984 τὴν
1085 1909 1338 1990 Αἴγιναν·
1383 1909 1474 1968 καὶ
1499 1907 1804 1986 ὕστέρισαν
1828 1906 1960 1984 ἦμέ-

345 2022 418 2074 ρῃ
442 2001 546 2076 μιῇ
562 2001 665 2072 τῆς
680 1997 1063 2079 συγκειμένης.
1122 1996 1473 2074 Νικόδρομος
1499 1996 1576 2065 δὲ,
1605 1991 1676 2059 ὥς
1703 1998 1758 2055 οἱ
1782 1994 1948 2070 Ἀθη·
1964 1997 2039 2056 90

347 2087 493 2144 ναῖοι
519 2089 575 2148 ἐς
598 2085 698 2144 τὸν
724 2085 915 2162 καιρόν
944 2084 1008 2144 οὗ
1033 2085 1418 2164 παρεγίνοντο,
1447 2089 1503 2148 ἐς
1527 2087 1732 2143 πλοῖον
1768 2083 1950 2159 ἐσβὰς

347 2171 692 2248 ἐκδιδρήσκει
720 2177 779 2231 ἐκ
804 2177 903 2247 τῆς
930 2173 1179 2252 Αἰγίνης·
1249 2171 1358 2231 σύν
1382 2172 1445 2230 δέ
1471 2174 1524 2231 οἰ
1551 2172 1644 2230 καὶ
1676 2170 1846 2230 ἄλλοι
1887 2175 1948 2229 ἐκ

346 2263 456 2316 τῶν
481 2261 817 2340 Αἰγινητέων
852 2260 1111 2320 ἕσποντο·
1197 2263 1351 2319 τοῖσι
1389 2258 1677 2334 Ἀθηναῖοι
1718 2257 1949 2322 Σούνιον

350 2348 577 2419 οἰκῆσαι
610 2346 829 2406 ἔδοσαν·
872 2348 1119 2407 ἐνθεῦτεν
1157 2347 1216 2406 δὲ
1250 2344 1404 2406 οὗτοι
1445 2345 1786 2423 ὅρμεῶμενοι
1822 2347 1948 2421 ἔφε-

347 2429 451 2506 ρόν
481 2457 542 2490 τε
584 2433 675 2490 καὶ
714 2431 855 2512 ἦγον
894 2434 1021 2496 τούς
1047 2440 1104 2493 ἐν
1128 2439 1202 2512 τῇ
1230 2434 1382 2513 νήσῳ
1416 2433 1734 2514 Αἰγινήτας·
1774 2436 1949 2492 ταῦτα

347 2519 453 2592 μὲν
480 2517 547 2592 δή
573 2517 809 2596 ὕστὲρον
842 2521 1064 2601 ἐγίνετο.
1153 2521 1487 2601 Αἰγινητέων
1527 2521 1586 2580 δὲ
1629 2525 1682 2580 οἱ
1721 2516 1941 2598 παχέες,
1965 2521 2068 2580 91·

350 2605 761 2670 ἐπαναστάντος
800 2612 899 2667 τοῦ
931 2607 1109 2685 δήμου
1150 2613 1262 2684 σφι
1301 2607 1420 2685 ἅμα
1443 2608 1794 2686 Νικοδρόμῳ,
1823 2613 1944 2666 ἐπε-

349 2691 657 2768 κράτησαν·
699 2695 793 2774 καὶ
835 2695 1021 2756 ἔπειτά
1064 2701 1250 2771 σφεας
1288 2695 1706 2774 χειρωσάμενοι,
1748 2695 1948 2774 ἐξῆγον

347 2777 701 2844 ἀπολέοντες.
770 2781 882 2842 άπό
908 2782 1107 2843 τούτου
1135 2782 1194 2841 δὲ
1221 2784 1312 2842 καὶ
1339 2781 1473 2864 ἄγος
1500 2789 1612 2859 σφι
1639 2783 1855 2862 ἐγένετο
1879 2780 1946 2841 τὸ

348 2866 697 2929 ἐκθύσασθαι
745 2869 843 2930 οὐκ
891 2869 1003 2930 οἶοί
1043 2897 1106 2930 τε
1155 2870 1400 2950 ἐγίνοντο
1449 2867 1946 2948 ἐπιμηχανώμενοι·

348 2951 483 3034 ἀλλ’
511 2957 767 3032 ἔφθησαν
798 2957 1127 3020 ἐκπεσόντες
1159 2957 1432 3034 πρότερον
1467 2961 1526 3016 ἐκ
1561 2961 1662 3031 τῆς
1697 2955 1874 3032 νήσου
1909 2953 1947 3031 ἤ

269 3063 279 3080 ·
347 3048 462 3117 σφι
490 3043 651 3103 ἵλεων
676 3045 937 3125 γενέσθαι
962 3045 1065 3119 τήν
1094 3043 1240 3104 θεόν·
1323 3044 1686 3105 ἑπτακοσίους
1725 3042 1834 3124 γάρ
1877 3042 1945 3118 δὴ

306 3163 317 3176 ·
345 3132 447 3188 τοῦ
491 3130 673 3207 δήμου.
705 3132 1103 3213 ζωγρήσαντες,
1135 3131 1332 3212 ἐξῆγον
1369 3157 1440 3194 ως
1478 3130 1827 3192 ἀπολέοντες·
1871 3129 1948 3192 εἷς

346 3215 411 3276 δέ
446 3245 530 3283 τις
568 3245 775 3300 τουτων
817 3218 1072 3300 ἐκφυγων
1111 3218 1185 3278 τοὶ
1227 3217 1430 3294 δεσμοὶ
1443 3215 1781 3297 καταφεύγει
1805 3217 1970 3294 πρός

346 3305 603 3388 πρόθυρα
644 3306 947 3388 Δήμητρος
986 3304 1374 3382 θεσμοφόρου·
1419 3302 1944 3380 ἐπιλαμβανόμενος
