2259 3500
357 111 640 175 198—202]
999 107 1373 157 nonnum.
1856 105 1955 153 203

352 187 630 265 Ἡρακλέῖ
663 190 934 267 καιομένῳ
967 186 1141 268 λόγος
1172 186 1297 247 ἐστὶ
1330 184 1703 260 ἀναφανῆναι·
1741 184 1855 246 ἆπὸ
1895 186 1957 247 δὲ

354 274 571 345 τούτου,
613 275 682 335 δι’
721 272 912 337 ἄλλων
959 276 1141 335 εἴκοσι
1192 274 1447 343 σταδίων,
1488 271 1669 336 ἄλλος
1706 273 1959 351 ποταμός

357 368 497 434 ἐστι,
519 391 582 427 ος
607 365 868 424 καλέεται
894 364 1106 427 Μέλας.
1172 362 1381 442 Τρηχὶς
1406 362 1465 421 δὲ
1490 359 1718 425 πόλις’
1682 387 1795 421 απο
1814 386 1915 421 του
1889 363 2049 421 199

357 452 620 516 Μέλανος
633 478 838 560 τρυτου
855 456 1114 529 ποταμοῦ
1134 452 1299 511 πέντε
1318 448 1577 539 στάδια’
1542 449 1759 528 απέχει·
1784 449 1959 528 ταύτῃ

357 540 419 599 δὲ
437 541 530 599 καὶ
551 538 848 618 εὖρυτατόν
867 545 992 601 ἐστι
1010 538 1203 615 πάσης
1224 543 1327 614 τῆς
1346 536 1529 617 χώρης
1545 537 1749 614 ταύτης
1768 542 1829 597 ἐκ
1848 540 1960 598 τῶν

357 626 560 705 οὐρέων
614 633 671 692 ἐς
721 627 1042 699 θάλασσαν,
1095 626 1215 687 κατ’
1254 653 1291 685 α
1339 627 1546 704 Τρηχὶς
1595 624 1959 685 πεπόλισται·

358 715 616 794 δισχῦαά
663 741 726 776 τε
763 742 876 797 γαρ
917 716 1010 774 καὶ
1049 713 1317 792 δισμύρια
1362 714 1583 791 πλέθρα
1626 716 1727 773 τοῧ
1768 713 1961 773 πεδίου

361 803 504 862 ἐστί·
570 807 670 863 τοῦ
723 802 784 863 δὲ
835 802 1024 880 οὔρεος
1073 828 1141 862 το
1189 801 1499 879 περικληΐει
1548 800 1653 877 τὴν
1702 805 1813 881 γῆν
1854 800 1960 877 τήν

359 890 678 968 Τρηχινίην,
696 891 820 950 ἐστι
838 890 1094 966 διασφὰξ
1115 890 1261 967 πρός
1276 888 1643 966 μεσαμβρίην
1668 892 1959 967 Τρηχῖνος·

360 977 453 1035 διοὶ
493 978 554 1037 δὲ
591 982 692 1055 τῆς
731 978 1053 1060 διασφάγος
1074 977 1335 1041 'Ama-‹35-
1372 976 1627 1053 ποταμός
1655 976 1767 1052 ῥέει
1806 1000 1961 1053 παρα

361 1090 466 1141 την
505 1065 758 1144 υπωρέην
795 1070 896 1126 τοῦ
938 1064 1149 1145 οὔρεος.
1218 1064 1391 1126 Ἐστι
1428 1065 1489 1126 δε
1518 1063 1699 1129 ἄλλος
1728 1064 1923 1135 Φοίνιξ
1936 1064 2055 1124 200

361 1154 614 1232 ποταμὸς
647 1154 715 1215 οὗ
742 1156 934 1236 μέγας,
967 1154 1108 1233 πρός
1146 1154 1511 1267 μεσαμβρίην
1545 1158 1645 1214 τοῦ
1673 1145 1961 1213 Ἀσωποῦ·

361 1267 426 1303 ος
476 1247 536 1303 ἐκ
587 1246 698 1303 τῶν
737 1241 941 1319 οὐρέων
991 1241 1201 1303 τούτων
1249 1243 1400 1319 ῥέων,
1455 1247 1511 1306 ἐς
1561 1266 1663 1301 τον
1696 1238 1963 1302 Ἀσωπον

365 1329 580 1389 ἐκδιδοῖ.
665 1356 808 1391 κατα
833 1330 894 1390 δὲ
927 1356 1027 1390 τον
1061 1330 1293 1390 Φοίνικα
1323 1330 1579 1408 ποταμόν
1604 1327 1964 1390 στεινότατόν

367 1420 510 1477 ἐστι·
551 1416 818 1495 ἅμαξιτὸς
839 1418 952 1499 γὰρ
977 1419 1080 1495 μία
1104 1417 1285 1494 μούνη
1310 1418 1593 1495 δέδμηται·
1634 1416 1747 1477 ἀπὸ
1773 1417 1833 1476 δὲ
1858 1420 1961 1476 τοῦ

367 1504 620 1569 Φοίνικος
649 1510 904 1582 ποταμοῦ
934 1505 1325 1565 πεντεκαίδεκα
1354 1503 1560 1565 στάδιά
1589 1509 1713 1564 ἐστι
1745 1508 1800 1567 ἐς
1826 1504 1962 1581 Θέρ-

369 1590 644 1663 μοπῦλας·
711 1597 770 1652 ἐν
809 1593 869 1652 δὲ
905 1597 982 1673 τῷ
1026 1592 1237 1669 μεταξύ
1276 1594 1529 1655 Φοίνικος
1572 1594 1830 1668 ποταμοῦ
1870 1590 1963 1650 καὶ

370 1681 774 1756 Θερμοπυλέων
816 1680 970 1759 κώμη
1017 1681 1082 1742 τέ
1131 1685 1271 1755 ἐστι,
1326 1683 1397 1760 τῇ
1451 1677 1661 1758 οὕνομα
1711 1676 1963 1757 Ἀνθήλη

369 1772 560 1838 κεῖται,
582 1768 710 1846 παρ’
730 1768 802 1845 ἢν
817 1769 885 1846 δή
908 1771 1233 1848 παραρρέων
1257 1769 1290 1829 ὁ
1310 1768 1568 1832 Ἀσωπὸς
1588 1773 1643 1832 ἐς
1660 1768 1965 1831 θάλασσαν

369 1856 586 1927 ἐκδιδοῖ,
630 1857 722 1916 καὶ
763 1861 944 1935 χῶρος
985 1858 1114 1934 περὶ
1148 1857 1321 1933 αὐτὴν
1356 1855 1529 1934 εὔρῦς,
1566 1861 1625 1916 ἐν
1658 1859 1735 1934 τῷ
1770 1855 1965 1932 Δήμη-

366 1944 496 2021 τρός
524 1971 586 2004 τε
623 1945 744 2022 ἷρὸν
777 1945 1241 2023 Ἀμφικτυονίδος
1272 1945 1501 2022 ἵδρυται,
1539 1945 1633 2004 καὶ
1668 1945 1819 2022 ἕδραι
1854 1944 1965 2004 εἰσὶ

367 2031 764 2110 Ἀμφικτυόσι,
793 2034 884 2092 καὶ
911 2033 1082 2094 αὐτοῦ
1107 2039 1209 2094 τοῦ
1234 2032 1641 2111 Ἀμφικτυόνος
1667 2031 1805 2110 ἶρόν.

450 2121 730 2185 Βασιλεῦς
769 2123 874 2198 μὲν
912 2120 981 2197 δὴ
1028 2122 1241 2199 Ξέρξης
1291 2119 1786 2198 ἐστρατοπεδεύετο
1825 2123 1929 2197 τῆς
1942 2120 2056 2180 201

370 2209 630 2284 Μηλίδος
660 2213 720 2269 ἐν
747 2213 821 2287 τῇ
855 2211 1144 2288 Τρηχινίῃ·
1186 2212 1241 2270 οἱ
1274 2209 1333 2269 δὲ
1374 2209 1443 2285 δὴ
1474 2208 1769 2284 Ἐλληνες,
1807 2213 1865 2269 ἐν
1894 2211 1967 2286 τῇ

369 2295 550 2373 διόδῳ·
609 2295 892 2374 (καλέεται
933 2296 994 2354 δὲ
1039 2299 1071 2357 ὁ
1113 2302 1295 2375 χῶρος
1337 2295 1500 2361 οὗτος
1548 2295 1660 2356 ivd
1711 2298 1815 2373 μὲν
1855 2297 1969 2354 τῶν

369 2381 622 2441 πλεόνων
672 2381 962 2457 Ἑλλήνων
1012 2385 1392 2460 Θερμοπύλαι,
1432 2383 1542 2444 υπὸ
1586 2383 1645 2444 δε
1696 2387 1808 2444 τῶν
1854 2388 1967 2444 ἐπι-

369 2470 586 2547 χωρίων
624 2469 718 2528 καὶ
769 2471 1058 2548 περιοίκων
1110 2472 1344 2553 Πύλαι.)
1430 2472 1965 2550 ἐστρατοπεδευοντο

369 2556 476 2632 μέν
500 2582 596 2616 νυν
622 2556 870 2635 ἑκάτεροι
897 2563 955 2618 ἐν
979 2558 1231 2619 τούτοισι
1256 2565 1411 2621 τοῖσι
1433 2561 1710 2639 χωρίοισι·
1744 2558 1971 2635 ἐπεκρα-

370 2668 462 2702 τεε
487 2644 599 2702 δε“
565 2671 598 2703 ο
623 2647 726 2722 μὲν
751 2649 861 2705 τῶν
884 2645 1025 2724 πρὸς
1048 2644 1296 2723 βορῆν”
1260 2672 1463 2725 ανεμον
1488 2645 1727 2725 ἐχόντων
1751 2644 1972 2705 πάντων

370 2731 540 2827 μέχρι
556 2736 847 2812 Τρηχῖνος,
867 2734 1002 2794 οἶδὲ
1019 2738 1130 2794 τῶν
1148 2761 1291 2812 προς
1308 2734 1471 2795 νότον
1490 2733 1583 2793 καὶ
1606 2733 1973 2810 μεσαμβρίην

373 2815 676 2896 φερόντων,
702 2846 770 2881 το
797 2823 890 2880 ἐπὶ
914 2821 1118 2898 ταύτης
1144 2827 1245 2898 τῆς
1270 2822 1520 2933 τ’πείρου.

440 2906 643 2968 Ἠσαν
693 2907 756 2968 δε
807 2910 923 2969 οἶδε
975 2909 1265 2986 Ἐλλήνων
1313 2914 1368 2970 οἱ
1420 2909 1789 2985 ὑπομένοντες
1832 2932 1933 2967 τον
1948 2909 2068 2968 202

374 2997 609 3074 Πέρσην
649 3002 708 3057 ἐν
746 2996 924 3076 τούτω
961 3001 1038 3077 τῷ
1077 3024 1259 3077 χωρω·
1303 2996 1693 3072 Σπαρτιητεων
1727 3019 1790 3054 τε
1819 3019 1971 3071 τριη-

373 3083 560 3143 κόσιοι
581 3084 826 3161 ὁπλῖται,
853 3086 946 3144 καὶ
969 3087 1285 3166 Τεγεητέων
1314 3085 1405 3142 καὶ
1432 3082 1753 3142 Μαντινέων
1778 3082 1973 3161 χίλιοι,

372 3171 605 3249 ἡμίσεες
641 3174 927 3250 ἑκατέρων·
983 3173 1044 3242 ἐξ
1071 3171 1418 3251 Ὀρχομενοῦ
1458 3195 1521 3228 τε
1554 3172 1655 3244 τῆς
1682 3167 1979 3246 Ἀρκαδίης

373 3261 555 3323 εἴκοσι
575 3263 670 3322 καὶ
688 3261 902 3332 ἑκατὸν,
925 3261 1018 3319 καὶ
1045 3265 1106 3320 ἐκ
1123 3263 1227 3335 τῆς
1250 3261 1457 3334 λοιπῆς
1467 3255 1761 3334 Ἀρκαδίης
1778 3257 1977 3338 χίλιοι.
