2259 3500
315 162 379 211 96
926 162 1298 211 ἭΡοΔοτυτ
1787 164 1912 229 [VI

317 242 378 301 δὲ
401 246 511 302 τῶν
538 241 975 355 ἐπισπαστήρων
1001 241 1200 321 εἴχετο·
1243 243 1298 301 οἱ
1322 241 1396 311 δὲ,
1425 242 1554 301 ἐπεί
1570 243 1636 302 τέ
1656 267 1756 318 μιν
1779 244 1918 305 α’πο-

316 329 536 390 σπάσαι
576 330 674 389 οὐκ
700 330 822 389 οἷοί
842 355 904 389 τε
930 328 1330 442 οἷπέλκοντες’
1305 330 1566 411 εγίνοντο,
1593 329 1917 410 ἀποκόψαν-

312 440 403 480 τες
446 417 613 477 αὐτοῦ
657 417 755 481 τοῖς
796 422 987 498 χεῖρας
1028 418 1170 499 ἦγον
1213 418 1374 478 οὕτω·
1415 442 1597 497 χειρες
1639 418 1700 477 δὲ
1742 424 1918 479 κεῖναι

221 506 297 564 92
322 508 691 582 ἐμπεφυκυῖαι
716 504 867 581 ἦσαν
890 509 1043 565 τοῖσι
1068 510 1516 583 ἐπισπαστῆρσι.
1585 510 1786 577 ,Ταῦτα
1809 508 1916 585 μέν

323 619 421 653 -νυν
448 593 632 669 σφέας
658 592 855 655 αὖτούς
882 596 935 652 οἶ
961 598 1255 675 Αἰγινῆται
1285 594 1616 674 ἐργάσαντο·
1656 592 1916 670 Ἀθηναί-

321 706 438 740 οισι
494 680 552 740 δὲ
607 680 808 757 ἥκουσι
856 681 1252 761 ἐναυμάχησαν
1297 682 1462 757 νηυσὶ
1509 679 1914 758 ἐβδομήκοντα·

317 768 655 833 ἑσσωθέντες
710 768 771 827 δὲ
825 772 897 847 τῇ
954 770 1232 848 ναυμαχίῃ
1282 769 1648 828 ἐπεκαλέοντο
1687 768 1916 835 τούτους

318 855 521 919 αὐτοῦς
554 857 683 921 τούς
730 857 821 915 καὶ
867 857 1158 934 πρότερον,
1199 856 1502 937 Ἀργείους·
1545 856 1637 923 καὶ
1685 854 1755 933 δή
1801 864 1916 934 σφι

315 940 469 1005 οὗτοι
509 948 613 1022 μὲν
658 944 841 1005 οὖκέτι
873 946 1202 1023 βοηθέουσι,
1244 943 1598 1021 μεμφόμενοι
1633 943 1722 1003 ὅτι
1759 949 1914 1027 Αἰγι-

258 1062 279 1090 x
314 1036 465 1091 ναῖαι
490 1033 606 1095 νέες
630 1030 843 1112 ἀνάγκῃ
864 1033 1222 1108 λαμφθεῖσαι
1245 1030 1356 1097 ὑπὸ
1373 1031 1722 1107 Κλεομένεος
1743 1032 1916 1111 ἔσχον

313 1144 377 1180 τε
404 1124 460 1182 ἐς
482 1119 587 1194 τήν
610 1118 919 1199 Ἀργολίδα
943 1119 1129 1197 χώρην
1171 1120 1262 1177 καὶ
1301 1118 1710 1194 συναπέβησαν
1735 1126 1914 1179 Λακε-

317 1206 674 1283 δαιμονίοισι.
756 1208 1167 1281 συναπέβησαν
1209 1205 1269 1265 δὲ
1315 1205 1408 1265 καὶ
1453 1204 1565 1265 α’πό
1609 1208 1913 1269 Σικυωνίων

319 1297 455 1353 νεῶν
498 1292 689 1371 ἄνδρες
721 1298 793 1372 τῇ
828 1294 971 1372 αὐτῇ
1006 1294 1179 1372 ταύτῃ
1218 1296 1467 1371 ἐσβολῇ.
1550 1294 1648 1351 καί
1682 1299 1794 1369 σφι
1819 1294 1912 1353 ὕπ’

312 1379 579 1462 Ἀργείων
622 1381 917 1458 ἐπεβλήθη
962 1383 1148 1458 ζημίη,
1184 1384 1344 1461 χίλια
1385 1381 1636 1441 τάλαντα
1675 1381 1909 1452 ἐκτίσαι,

313 1468 656 1529 πεντακόσια
684 1470 986 1546 ἑκατέρους.
1071 1470 1359 1533 Σικυώνιοι
1384 1470 1488 1546 μέν
1519 1494 1617 1529 νυν
1643 1470 1911 1549 συγγνόν-

313 1578 405 1619 τες
430 1555 709 1633 ἀδικῆσαι,
738 1556 1132 1639 ὦμολόγησαν,
1163 1557 1358 1617 ἐκατὸν
1382 1556 1634 1617 τάλαντα
1661 1558 1912 1618 ἐκτίσαν-

311 1667 417 1714 τες,
466 1642 691 1721 ἀζήμιοι
745 1644 901 1704 εἶναι·
985 1649 1281 1725 Αἰγινῆται
1327 1645 1386 1704 δὲ
1441 1643 1568 1703 οὔτε
1621 1644 1912 1725 συνεγινώ-

315 1757 521 1794 σκοντο
546 1732 697 1810 ἦσάν
721 1760 784 1793 τε
810 1732 1226 1810 αὐθαδέστεροι.
1286 1732 1376 1792 διὰ
1403 1730 1472 1806 δὴ
1499 1730 1572 1790 ὦν
1598 1737 1713 1807 σφι
1735 1735 1912 1792 ταῦτα

314 1819 627 1897 δεομένοισι
672 1821 783 1879 ‹in-<3
825 1823 929 1896 μὲν
967 1824 1068 1879 τοῦ
1112 1821 1388 1896 δημοσίου
1431 1818 1604 1882 οὐδεὶς
1646 1817 1912 1899 Ἀργείων

308 1907 395 1967 ετι
436 1909 685 1996 ἐβοήθεε,
725 1907 1011 1966 ἐθελονταὶ
1051 1907 1165 1965 δὲ’
1140 1933 1194 1969 ες
1219 1908 1454 1985 χιλίους·
1495 1906 1600 1987 ἦγε
1624 1905 1684 1964 δὲ
1711 1931 1912 1971 αυτους

312 1993 630 2074 στρατηγος
670 1991 812 2068 ἀνηρ
852 1991 896 2071 ᾧ
936 1991 1147 2069 οὔνομα
1186 1993 1534 2071 Εὐρυβάτης,
1567 1992 1912 2054 πεντάεθλον

313 2080 661 2155 ἐπασκήσας.
743 2079 949 2139 τούτων
992 2083 1046 2138 οἱ
1086 2083 1320 2144 πλεῦνες
1367 2080 1466 2140 οὐκ
1515 2080 1911 2158 απενόστησαν

313 2165 513 2236 ὀπίσω,
556 2165 687 2225 ἀλλ’
716 2166 1083 2242 ἐτελεύτησαν
1120 2166 1213 2226 υπ’
1247 2167 1552 2244 Ἀθηναίων
1593 2173 1651 2228 ἐν
1690 2169 1909 2249 Αἰγίνῃ·

314 2253 479 2316 αὖτος
505 2253 623 2312 δὲι
590 2281 622 2314 ο
651 2254 968 2334 στρατηγός
977 2245 1342 2332 Εὐρυβάτης,
1369 2256 1754 2334 μουνομαχίην
1780 2261 1910 2314 ἐπα-

314 2341 508 2411 σκέων,
536 2345 682 2418 τρεῖς
707 2344 809 2418 μὲν
846 2340 1047 2419 ἄνδρας
1069 2342 1260 2422 τρόπῳ
1285 2343 1516 2422 τοιούτῳ
1558 2343 1770 2413 κτείνει,
1797 2343 1910 2404 ὖπὸ

314 2428 374 2486 δὲ
397 2433 499 2486 τοῦ
518 2428 783 2504 τετάρτου
803 2428 1100 2504 Σωφάνεος
1123 2435 1226 2490 τοῦ
1254 2431 1529 2494 Δεκελέος
1543 2429 1908 2505 ἀποθνήσκει.

219 2517 295 2572 93
317 2519 611 2596 Αἰγινῆται
626 2515 685 2574 δὲ
712 2521 868 2574 ἐοῦσι
893 2516 1187 2576 ἀτάκτοισι
1212 2516 1562 2592 Ἀθηναίοισι
1579 2518 1912 2595 συμβαλόν-

313 2627 404 2664 τες
428 2607 565 2680 τῇσι
596 2603 763 2679 νηυσὶ
804 2604 1085 2678 ἐνίκησαν·
1128 2605 1228 2664 καί
1255 2611 1450 2681 σφεων
1477 2607 1602 2668 νέας
1636 2605 1912 2682 τέσσερας

313 2689 535 2750 αὐτοῖσι
561 2689 799 2766 οἷνδρασι
827 2691 998 2752 εἷλον.
1051 2727 1075 2750 ι

218 2779 296 2836 94
393 2777 744 2852 Ἀθηναίοισι
784 2780 887 2854 μὲν
916 2778 984 2854 δὴ
1020 2778 1272 2857 πόλεμος
1305 2785 1560 2856 συνῆπτο
1585 2779 1728 2858 πρός
1754 2784 1908 2862 Αἰγι-

314 2864 499 2942 νήτας.
580 2891 613 2924 ο
648 2865 709 2924 δὲ
745 2866 975 2943 Πέρσης
1008 2892 1075 2926 το
1114 2871 1315 2927 ἑωυτοῦ
1358 2868 1553 2938 ἐποίεε,
1593 2867 1740 2928 ὥστε
1779 2867 1912 2928 ‹iva-

311 2952 723 3031 μιμνήσκοντός
746 2979 808 3013 τε
836 2954 943 3012 αἰεὶ
966 2959 1067 3013 τοῦ
1096 2953 1433 3031 θεράποντος
1458 2956 1782 3032 μεμνῆσθαι
1811 2981 1912 3032 μιν

316 3045 425 3100 τῶν
462 3041 786 3117 Ἀθηναίων,
831 3041 923 3100 καὶ
970 3042 1479 3119 Πεισιστρατιδέων
1517 3042 1909 3118 προσκατημέ-

312 3152 419 3188 νων
460 3129 553 3187 καὶ
593 3128 1023 3205 διαβαλλόντων
1061 3126 1402 3204 Ἀθηναίους,
1442 3128 1560 3206 ἅμα
1602 3129 1662 3187 δὲ
1696 3128 1910 3205 βουλό-

317 3237 477 3279 nevos·
516 3217 551 3276 ὅ
588 3221 842 3296 Δαρεῖος,
884 3216 1089 3292 ταύτης
1134 3217 1396 3296 ἐχόμενος
1431 3221 1533 3293 τῆς
1565 3215 1908 3293 προφάσιος,

338 3305 805 3380 ῖαταπρέφεσθαι
830 3309 933 3380 τῆς
956 3304 1236 3368 Ἑλλάδος
1260 3305 1390 3368 τοῦς
1413 3303 1494 3380 μὴ
1521 3302 1720 3363 δόντας
1759 3299 1910 3378 αὐτῷ
