2259 3500
359 103 511 170 1-6]
1064 104 1292 154 nmmo.
1898 103 1967 156 39

359 181 748 260 ἐβουλεύσατο
773 182 1030 247 Φοίνικας
1053 185 1159 260 μὲν
1187 183 1575 260 ἐξαναστήσας
1601 190 1661 246 ἐν
1684 189 1757 265 τῇ
1780 184 1962 265 Ἰωνίῃ

361 271 694 342 κατοικίσαι,
710 269 906 335 -Ἴωνας
931 271 992 330 δὲ
1023 277 1082 332 ἐν
1105 274 1179 351 τῇ
1204 273 1452 352 Φοινίκῃ·
1494 274 1587 332 καὶ
1617 273 1826 338 τούτων
1853 275 1957 334 εἵν-

361 384 461 418 εκα
503 359 856 420 ἐπιστείλειε·
912 358 1070 419 οὐδέν
1110 386 1169 420 τι
1210 358 1426 424 πάντως
1464 366 1640 422 ταῦτα
1681 363 1960 438 βασιλέος

359 447 842 525 βουλευσαμένου.
927 446 1215 525 ἐδειμάτου
1252 447 1381 512 τοῦς
1412 447 1624 513 Ἴωνας.
1708 505 1713 510 ,

365 595 368 598 ,
443 536 610 597 Μετὰ
649 537 724 606 δὲ,
754 536 788 596 ὅ
811 536 1078 600 Ἱστιαῖος
1106 536 1175 596 δι’
1199 535 1449 618 ἀγγέλου
1486 536 1809 615 ποιεύμενος
1836 537 1962 615 Ἑρ·
1992 539 2029 597 4

360 625 596 701 μίππου,
625 623 826 702 οἶνδρὸς
850 623 1225 706 Ἀταρνειτεω,
1252 628 1405 684 τοῖσι
1448 630 1506 685 ἐν
1533 625 1831 702 Σάρδισι’
1803 629 1963 685 εοῦσι

362 713 628 790 Περσέων
671 713 884 790 ἔπεμπε
924 713 1170 789 βυβλία,
1214 739 1289 776 ως
1328 713 1963 792 προλελεσχηνευμένων

362 799 510 879 αὐτῷ
543 799 896 864 ἀποστάσιος
930 801 1074 878 πέρι.
1160 827 1191 861 ο
1231 800 1293 859 δὲ
1311 799 1635 878 Ἕρμιππος
1663 827 1805 877 προς
1830 827 1963 865 τους

363 891 468 964 μὲν
509 887 876 966 ἀπεπέμφθη·
897 888 962 948 οὔ
1005 889 1164 959 διδοῖ,
1212 888 1398 966 φέρων
1441 889 1501 948 δε
1547 889 1847 968 ἐνεχείρισε
1892 915 1964 950 τα

361 977 592 1052 βυβλία
623 975 1009 1054 Ἀρταφέρνεῖ·
1051 976 1083 1037 ὁ
1126 976 1187 1036 δὲ
1227 975 1425 1053 μαθών
1464 975 1614 1036 ἅπαν
1652 975 1719 1037 τό
1760 977 1979 1056 γινόμε-

363 1088 476 1135 νον,
505 1065 722 1124 ἐκέλευε
757 1063 858 1125 τὸν
885 1063 1215 1143 Ἕρμιππον
1246 1064 1319 1142 τοῖ
1354 1067 1459 1142 μὲν
1482 1064 1638 1142 παρὰ
1660 1069 1764 1125 τοῦ
1790 1063 1961 1124 Ἱστι-

362 1151 488 1211 αίου
530 1151 719 1212 δοῦναι
759 1152 1006 1230 φέροντα
1045 1152 1207 1213 τοῖσί
1236 1178 1343 1229 περ
1378 1153 1559 1230 ἔφερε,
1592 1153 1665 1213 τὰ
1704 1152 1765 1212 δὲ
1802 1152 1960 1229 α’μοι-

361 1239 506 1314 βαΐα
530 1239 602 1299 τᾶ
625 1240 780 1318 παρὰ
804 1243 916 1300 τῶν
941 1241 1211 1319 Περσέων
1236 1239 1691 1318 ἀντιπεμπόμενα
1716 1240 1963 1352 Ἱστιαίῳ

365 1329 542 1407 {mama
575 1327 782 1389 δοῦναι.
862 1327 1070 1390 τούτων
1096 1329 1157 1388 δὲ
1187 1328 1494 1409 γενομένων
1528 1332 1799 1406 φανερῶν,
1827 1327 1961 1388 οἷπε-

363 1439 539 1476 κτεινε
586 1417 820 1476 ἐνθαῦτα
865 1416 1120 1480 πολλους
1160 1416 1429 1494 Περσέων
1476 1444 1509 1477 ο
1568 1417 1956 1495 Αρταφέρνης.

363 1503 493 1579 περὶ
531 1501 732 1578 Σάρδις
769 1529 872 1580 μεν
911 1503 981 1579 δή
1023 1504 1235 1584 ἐγίνετο
1273 1501 1512 1583 ταραχή.

443 1587 710 1649 Ἱστιαῖον
735 1589 795 1650 δὲ
813 1589 1019 1668 ταύτης
1035 1590 1451 1667 ἀποσφαλέντα
1468 1595 1570 1666 τῆς
1588 1592 1813 1656 ἐλπίδος
1829 1593 1963 1652 Χῖοι
1990 1594 2028 1652 5

367 1680 612 1759 κατῆγον
637 1682 693 1740 ἐς
717 1666 994 1791 MulA‘qrov,
1022 1678 1193 1740 αὖτοῦ
1216 1679 1485 1740 Ἱστιαίου
1517 1679 1961 1755 δεηθέντος.οἶ

365 1766 426 1827 δέ
450 1765 796 1843 Μιλήσιοι”
757 1794 994 1846 ασμενοι
1021 1768 1483 1848 απαλλαχθέντες
1509 1769 1602 1827 καὶ
1626 1768 1960 1849 Ἀρισταγό-

361 1881 485 1932 ρεω,
514 1853 764 1933 ουδαμῶς
802 1856 1156 1935 πρόθυμοι’
1119 1882 1271 1933 ησαν
1309 1856 1491 1917 ἄλλον
1521 1881 1789 1933 τυραννον
1815 1856 1959 1915 δέκε-

362 1944 500 2003 σθαι
543 1948 599 2007 ἐς
637 1945 742 2021 τὴν
775 1944 979 2025 χώρην,
1015 1944 1107 2007 οἶά
1144 1971 1207 2006 τε
1250 1945 1562 2022 ἐλευθερίης
1600 1942 1958 2025 γευσάμενοι.

363 2032 456 2091 καὶ
496 2031 583 2109 δή,
627 2034 822 2098 νυκτός
860 2060 971 2115 γαρ
1015 2033 1217 2111 ἐούσης
1250 2034 1356 2113 βίῃ
1394 2036 1653 2111 ἐπειρᾶτο
1688 2058 1890 2093 κατιων
1927 2033 1960 2092 ὁ

359 2119 625 2186 Ἱστιαῖος
671 2127 728 2186 ἐς
766 2121 870 2197 τὴν
909 2122 1189 2198 Μίλητον,
1229 2120 1593 2199 τιτρώσκεται
1637 2120 1739 2181 τὸν
1780 2145 1962 2198 μηρον

360 2206 472 2269 ὖπό
499 2234 594 2269 τευ
632 2214 744 2271 τῶν
769 2211 1092 2287 Μιλησίων.
1175 2209 1208 2270 ὅ
1244 2212 1347 2287 μὲν
1372 2209 1440 2286 δὴ
1468 2208 1539 2272 οἷς
1564 2208 1827 2271 ἅπωστός
1860 2213 1963 2284 τῆς

363 2298 564 2356 ἑωυτοῦ
581 2298 809 2379 γίνεται,
835 2297 1151 2358 ἐπικνέεται
1176 2296 1361 2357 ὀπίσω
1386 2303 1442 2360 ἐς
1465 2297 1569 2372 τὴν
1590 2299 1751 2357 Χίον·
1779 2298 1958 2357 ἐνθεῦ-

363 2406 456 2441 τεν
491 2382 566 2453 δὲ,
594 2384 658 2443 οὗ
696 2386 805 2465 γὰρ
845 2386 1028 2445 ἔπειθε
1067 2385 1200 2449 τοῦς
1228 2386 1402 2448 Χίους
1444 2385 1589 2446 ὥστε
1626 2388 1805 2463 {anm}
1840 2385 1961 2443 δοῦ-

365 2492 455 2527 ναι
493 2470 634 2539 νέας,
661 2471 824 2549 διέβη
868 2476 924 2537 ἐς
963 2472 1293 2549 Μυτιλήνην
1335 2474 1427 2533 καὶ
1462 2474 1649 2531 ἔπεισε
1675 2472 1963 2548 Λεσβίους

363 2555 558 2616 δοῦναί
593 2560 646 2617 οἳ
685 2560 827 2628 νέας,
912 2562 1050 2620 οἶδὲ
1081 2561 1484 2638 πληρώσαντες
1523 2559 1667 2620 ὀκτώ
1707 2558 1963 2637 τριήρεας

363 2643 564 2705 ἔπλεον
603 2644 721 2722 ἅμα
745 2646 989 2728 Ἱστιαίῳ
1031 2653 1086 2713 ἐς
1127 2648 1449 2719 Βυζάντιον·
1480 2646 1731 2709 ’ἐνθαῦτα
1762 2647 1821 2706 δὲ
1854 2646 1957 2718 ἱζό-

359 2756 536 2807 μενοι,
579 2732 680 2797 τοὶς
726 2740 787 2794 ἐκ
832 2739 930 2795 τοῦ
979 2735 1205 2797 Πόντου
1256 2736 1617 2800 ἐκπλωοῦσας
1668 2739 1779 2795 τῶν
1830 2736 1967 2794 νεῶν

362 2818 707 2897 ἐλάμβανον,
753 2824 908 2900 πλὴν
953 2824 992 2901 ἢ
1039 2824 1170 2885 ὅσοι
1224 2825 1404 2885 αὐτῶν
1449 2824 1695 2901 Ἱστιαίῳ
1742 2821 1965 2897 ἔφασαν

362 2909 578 2984 ἑτοῖμοι
620 2910 760 2970 εἶναι
798 2912 1116 2973 πείθεσθαι.

439 2993 706 3061 Ἱστιαῖος
730 2999 835 3076 μέν
861 3025 957 3059 νυν
985 3000 1078 3058 καὶ
1105 3001 1491 3075 Μυτιληναῖοι
1532 2996 1747 3056 ἐποίευν
1771 2997 1966 3055 ταῦτα·
1999 2998 2035 3057 6

359 3082 454 3143 ἐπὶ
481 3082 541 3142 δὲ
567 3085 830 3161 Μίλητον
858 3086 1031 3164 αὖτῆν
1057 3084 1311 3149 ναυτικός
1336 3083 1557 3147 πολλὰς
1583 3084 1677 3143 καὶ
1700 3082 1868 3153 πεζός
1894 3080 1965 3159 ἢν

358 3170 604 3251 στρατὸς
632 3172 1032 3252 προσδόκιμος.
1113 3172 1536 3252 συστραφέντες
1566 3170 1677 3251 γοῖρ
1704 3172 1757 3229 οἱ
1784 3195 1959 3248 στρα-

355 3260 522 3342 τηγοὶ
562 3264 677 3324 τῶν
709 3263 994 3341 Περσέων,
1036 3264 1129 3324 καὶ
1174 3264 1234 3325 ἓν
1272 3258 1611 3336 ποιήσαντες
1652 3257 1962 3335 στρατόπε-
