2259 3500
389 127 664 190 119—12’2]
989 127 1367 176 KAAAIOIIH.
1886 127 1977 180 337

384 211 570 288 ἔφερε·
623 207 1006 292 ἐπαγαγόντες
1045 209 1106 269 δὲ
1142 206 1311 270 αὖτόν
1341 205 1398 273 ἒς
1430 208 1535 286 τήν
1569 207 1744 286 ἀκτήν
1783 213 1841 274 ἐς
1878 209 1984 287 τήν

384 298 596 374 Ξέρξης
639 298 818 368 ἔζευξε
860 297 962 359 τόν
1003 297 1195 374 πόρον,
1246 297 1327 376 (οἶ
1369 297 1429 356 δὲ
1475 296 1713 379 λέγουσι
1753 299 1844 357 ε’πὶ
1882 296 1982 358 τόν

385 385 628 445 κολωνόν
668 385 768 446 τᾶν
808 385 948 462 ὖπὲρ
984 385 1251 445 Μαδύτου
1285 385 1527 464 πόλιος,)
1570 385 1770 445 σανίδα
1804 411 1980 462 προσ-

383 473 905 542 πασσαλεύσαντες,
961 471 1367 550 άνεκρέμασαν·
1433 472 1533 532 τὸν
1578 473 1638 531 δὲ
1690 473 1861 531 παῖδα
1924 478 1983 532 ἐν

385 559 743 638 ὀφθαλμοῖσι
767 564 868 620 τοῦ
886 559 1233 637 Ἀρταΰκτεω
1266 561 1627 620 κατέλευσαν.
1670 564 1857 620 Ταῦτα
1882 559 1943 619 δὲ
1964 558 2072 619 121

383 648 720 724 ποιήσαντες
755 648 1042 708 ἀπέπλεον
1078 652 1134 710 ἐς
1168 647 1270 723 τήν
1310 647 1582 718 Ἑλλάδα,
1615 648 1687 707 τά
1724 674 1787 708 τε
1825 647 1981 708 ἅλλα

383 735 648 814 χρήματα
680 734 905 815 ἄγοντες
937 735 1028 794 καὶ
1055 734 1123 810 δὴ
1154 735 1246 794 καὶ
1271 733 1343 795 τὰ
1368 735 1522 796 ὅπλα
1546 740 1657 796 τῶν
1679 737 1981 817 γεφυρέων,

387 821 459 885 ὥς
484 821 858 898 ἀναθήσοντες
893 828 947 885 ε’ς
985 821 1056 882 τοὶ
1099 822 1209 899 ἱρά·
1248 823 1350 895 Κκαὶ
1384 821 1523 882 κατα)
1564 823 1629 882 τό
1662 825 1783 886 ἔτος
1812 827 1978 883 τοῦτο

385 909 544 969 οὐδὲν
569 912 646 970 ἔτι
671 911 847 970 πλέον
871 910 1079 971 τούτων
1106 910 1341 989 ἐγένετο.

468 997 680 1058 Τούτου
706 998 766 1057 δὲ
790 1002 894 1059 τοῦ
919 997 1265 1076 Ἀρταΰκτεω
1289 1002 1389 1058 τοῦ
1426 998 1943 1075 ἀνακρεμασθέντος
1965 1001 2022 1055 1:1
2048 1003 2077 1054 ij

385 1084 684 1163 προπάτωρ
728 1084 1120 1164 Ἀρτεμβάρης
1166 1086 1289 1146 ε’στὶ
1333 1085 1365 1146 ὁ
1406 1087 1670 1164 Πέρσῃσι
1711 1085 1982 1166 ἐξηγησά-

383 1200 549 1250 μενος
589 1175 779 1255 λόγον,
811 1174 910 1235 τόν
948 1177 1145 1235 ἐκεῖνοι
1184 1173 1573 1250 ὑπολαβόντες
1609 1173 1777 1254 Κύρῳ
1806 1200 1984 1252 προσ-

385 1261 624 1337 ήνεικαν,
678 1263 920 1344 λέγοντα
957 1262 1108 1323 τάδε·
1160 1273 1195 1298 “
1212 1263 1331 1322 ἐπεὶ
1372 1262 1505 1326 Ζεῦς
1543 1263 1811 1342 Πέρσῃσι
1855 1261 1983 1344 ἦγε-

385 1352 584 1427 μονίην
599 1351 754 1420 διδοῖ,
775 1351 984 1428 α’νδρῶν
1001 1351 1059 1409 δὲ
1074 1351 1187 1421 σοὶ,
1206 1354 1374 1427 Κῦρε,
1393 1351 1638 1410 κατελών
1650 1349 1985 1430 Ἀστυάγεα·

387 1438 540 1514 φέρε,
565 1441 675 1518 γῆν
699 1438 809 1518 γὰρ
837 1437 1113 1514 ἐκτήμεθα
1146 1435 1348 1518 ὀλίγην
1382 1439 1473 1496 καὶ
1498 1437 1702 1513 ταύτην
1727 1439 1982 1516 τρηχέην,

385 1524 831 1601 μεταναστάντες
857 1530 917 1584 ἐκ
942 1525 1145 1602 ταύτης
1164 1523 1349 1601 ἄλλην
1370 1526 1577 1605 ἔχωμεν
1597 1523 1817 1601 άμείνω.
1874 1525 1987 1584 εἶσὶ

389 1611 447 1670 δὲ
472 1612 689 1672 πολλαὶ
713 1616 816 1690 μὲν
841 1611 1228 1693 ἀστυγείτονες
1252 1614 1469 1672 πολλαὶ
1489 1613 1547 1672 δὲ
1568 1613 1659 1671 καὶ
1686 1613 1983 1688 ἑκαστέρω·

385 1703 497 1760 τῶν
538 1701 672 1777 μίαν
714 1700 952 1780 σχόντες
992 1702 1203 1761 πλέοσι
1250 1700 1495 1778 ἐσόμεθα
1543 1697 1982 1778 θωμαστότεροι·

389 1788 538 1851 οἷκός
563 1788 623 1847 δὲ
649 1787 922 1867 ἄρχοντας
954 1788 1155 1866 ἄνδρας
1190 1791 1419 1849 τοιαῦτα
1454 1789 1677 1848 ποιέειν·
1720 1786 1848 1848 κότε
1873 1788 1984 1869 γοῖρ

387 1874 457 1950 δή
484 1877 576 1935 καὶ
601 1876 829 1953 παρέξει
857 1875 1110 1947 κάλλιον,
1138 1875 1174 1952 ἦ
1200 1874 1292 1937 ὅτε
1316 1902 1383 1957 γε
1417 1874 1717 1952 ἀνθρώπων
1746 1900 1810 1935 τε
1844 1880 1983 1935 πολ-

385 1966 503 2024 λῶν
527 1964 775 2044 ἄρχομεν
799 1963 988 2041 πάσης
1011 1990 1074 2025 τε
1097 1969 1202 2041 τῆς
1225 1964 1423 2040 Ἀσίης
1442 1963 1489 2035 ;”
1526 1963 1711 2041 Κύρος
1731 1963 1986 2024 δὲταῦτα

386 2050 646 2124 ἀκούσας,
676 2054 770 2114 καὶ
796 2052 861 2113 οὗ
890 2052 1157 2130 θωμάσας
1182 2052 1281 2113 τᾶν
1308 2052 1497 2134 λόγον,
1528 2053 1743 2112 ἐκέλευε
1781 2053 1987 2112 ποιέειν

385 2144 578 2200 ταῦτα·
634 2142 776 2201 οὕτω
819 2142 879 2201 δὲ
931 2140 1155 2201 αὐτοῖσι
1198 2142 1475 2217 παραίνεε,
1520 2140 1755 2200 κελεύων
1807 2166 1979 2218 παρα-

388 2227 758 2297 σκευάζεσθαι
814 2228 884 2291 ὥς
925 2228 1106 2287 οὐκέτι
1146 2226 1412 2304 ἄρξοντας
1459 2228 1591 2287 ἀλλ’
1634 2228 1984 2307 ἀρξομένους·

390 2314 606 2386 φιλέειν
631 2314 741 2394 γὰρ
768 2320 828 2373 ἐκ
851 2319 962 2374 τῶν
979 2319 1249 2392 μαλακῶν
1268 2316 1460 2394 χώρων
1478 2317 1767 2394 μαλακούς
1784 2318 1985 2396 ἄνδρας

388 2398 663 2479 γίνεσθαι·
707 2400 772 2461 οὗ
797 2401 907 2483 γάρ
934 2428 1022 2462 τοι
1047 2406 1149 2477 τῆς
1175 2402 1345 2479 αὐτῆς
1370 2410 1475 2485 γῆς
1496 2406 1645 2463 ἐἶναι
1676 2406 1891 2482 καρπόν
1922 2431 1984 2466 τε

389 2487 692 2564 θωμαστὸν,
731 2488 893 2566 φύειν
939 2489 1031 2548 καὶ
1073 2489 1272 2567 ἄνδρας
1318 2491 1559 2572 άγαθοΰς
1606 2491 1677 2550 τὰ
1718 2494 1983 2569 πολέμια·

389 2573 534 2635 ὥστε
561 2576 896 2657 συγγνόντες
922 2578 1146 2655 Πέρσαι
1171 2578 1393 2657 οἴχοντο
1418 2576 1779 2647 ἀποστάντες,
1808 2582 1984 2637 ἑσσω-

389 2661 573 2727 θέντες
617 2668 690 2743 τῇ
741 2664 934 2745 γνώμῃ
979 2664 1121 2743 πρός
1164 2665 1376 2742 Κύρου·
1430 2664 1621 2743 ἅρχειν
1660 2689 1722 2723 τε
1764 2665 1983 2725 εἴλοντο

388 2750 609 2828 λυπρήν
644 2753 914 2816 οἰκέοντες
946 2756 1189 2831 μᾶλλον,
1216 2751 1253 2829 ἢ
1278 2752 1511 2813 πεδιάδα
1535 2752 1857 2829 σπείροντες
1883 2752 1983 2811 ἄλ-

387 2838 547 2897 λοισι
573 2838 872 2900 δουλεύειν.

722 3050 1067 3103 ΗΡΟΔΟΤΟΤ
1105 3048 1440 3101 ἸΣΤΟΡΙΩΝ
1483 3046 1589 3097 ἘΝ
1590 3048 1745 3099 ΑΤΗ.
