2259 3500
279 97 376 146 324
903 94 1271 143 ἬνοΔοτοαΙ
1416 116 1429 120 -
1754 99 1885 163 [IX.

279 175 378 236 σοὶ
429 172 612 236 ε’όντες
655 171 787 244 οδε,
839 170 880 248 ἦ
923 174 1028 248 μὲν
1079 172 1325 248 Σαμίους
1370 171 1511 250 ἡμῖν
1538 176 1889 290 προθύμους

181 265 263 324 92
283 263 516 322 ἔσεσθαι
569 258 918 338 συμμάχους.
918 258 950 278 ”
1031 259 1219 319 Ταῦτά
1256 287 1322 320 τε
1360 260 1480 336 ἅμα
1518 261 1754 343 ἠγόρευε
1792 268 1889 326 καὶ

280 351 346 410 τὸ
383 351 546 428 ἔργον
583 350 858 428 προσῆγε·
901 347 1098 407 αὐτίκα
1122 348 1233 428 γὰρ
1272 351 1327 408 οἱ
1360 348 1565 424 Σάμιοι
1598 353 1797 412 πίστιν
1822 381 1889 414 τε

281 438 376 497 καὶ
433 435 594 512 ὅρκια
654 440 938 495 ἐποιεῦντο
1000 437 1327 514 συμμαχίης
1380 437 1509 513 πέρι
1564 438 1706 515 πρὸς
1754 441 1890 505 τούς

272 525 580 600 Ἕλληνας·
632 526 809 583 ταῦτα
849 524 909 582 δὲ
947 524 1301 599 ποιήσαντες,
1344 527 1400 584 οἱ
1438 527 1543 600 μὲν
1582 526 1887 589 ἀπέπλεον·

281 612 424 691 μεταῖ
449 612 644 688 σφέων
666 610 778 692 γοῖρ
807 612 1027 671 ἐκέλευε
1059 612 1253 672 πλέειν
1283 612 1384 672 τᾶν
1408 612 1887 693 Ἡγησίστρατον,

284 700 476 761 οἷωνόν
514 699 581 760 τὰ
621 698 833 776 οὔνομα
871 699 1213 776 ποιεύμενος·
1268 701 1323 758 οῖ
1363 700 1423 759 δὲ
1453 700 1731 777 Ἕλληνες
1772 708 1889 762 ε’πι-

285 787 522 868 σχόντες
545 787 752 866 ταύτην
780 787 886 862 τὴν
915 787 1143 864 ἦμέρην,
1170 792 1243 866 τῇ
1280 786 1547 866 ὖστεραίῃ
1574 793 1889 868 ἐκαλλιερέ-

286 902 434 947 οντο,
499 875 905 952 μαντευομένου
957 881 1070 951 σφι
1129 875 1420 951 Δηῖφόνου
1470 880 1572 936 τοῦ
1630 877 1887 954 Εὐηνίου,

285 963 483 1041 ἅνδρὸς
520 961 1000 1039 Ἀπολλωνιήτεω,
1051 962 1439 1039 Ἀπολλωνίης
1478 963 1539 1022 δὲ
1577 969 1678 1040 τῆς
1718 970 1777 1024 ἐν
1813 970 1893 1046 τῷ

283 1049 462 1131 Ἰονίῳ
512 1052 722 1130 κόλπῳ·
783 1055 884 1110 τοῦ
934 1051 1036 1111 τᾶν
1073 1052 1289 1128 πατέρα
1329 1052 1614 1126 κατέλαβε
1652 1053 1892 1129 Εὐήνιον

194 1141 269 1198 93
287 1144 525 1220 πρῆγμα
547 1138 779 1199 τοιόνδε·
809 1137 984 1198 Ἔστι
1015 1143 1074 1198 ἐν
1105 1142 1179 1216 τῇ
1210 1137 1571 1216 Ἀπολλωνίῃ
1595 1139 1769 1218 ταύτῃ
1797 1141 1891 1216 ἱροὶ

286 1225 452 1302 ἡλίου
487 1226 770 1303 πρόβατα,
804 1224 878 1284 τὰ
910 1225 1011 1289 τὰς
1041 1227 1146 1302 μὲν
1180 1225 1391 1303 ἡμέρας
1425 1226 1705 1303 βόσκεται
1738 1227 1892 1303 παρὰ

287 1312 557 1390 ποταμόν,
588 1312 649 1376 ὃς
675 1318 736 1372 ἐκ
755 1311 1060 1389 Λάκμωνος
1087 1311 1276 1390 οὔρεος
1301 1315 1414 1390 ῥέει
1442 1313 1531 1372 διοὶ
1556 1317 1657 1389 τῆς
1680 1313 1891 1373 Ἀπολ-

289 1402 490 1477 λωνίης
530 1401 713 1480 χώρης
755 1406 812 1464 ἐς
857 1399 1181 1470 θάλασσαν,
1226 1399 1357 1476 παρ’
1394 1399 1626 1477 Ὤρικον
1670 1402 1891 1478 λιμένα·

286 1488 388 1552 τὰς
422 1489 482 1548 δὲ
517 1488 713 1552 νύκτας
749 1487 1106 1565 ἀραιρημένοι
1139 1486 1331 1564 ἄνδρες
1364 1491 1419 1547 οἱ
1452 1489 1679 1568 πλούτῳ
1710 1514 1774 1548 τε
1800 1491 1894 1550 καὶ

286 1577 434 1656 γένεϊ
487 1575 850 1653 δοκιμώτατοι
899 1579 1009 1636 τῶν
1059 1575 1265 1648 ἀστῶν,
1311 1574 1465 1636 οὗτοι
1518 1575 1895 1651 φυλάσσουσι

289 1665 538 1726 ε’νιαυτόν
579 1666 832 1728 ἕκαστος·
901 1664 1028 1741 περὶ
1069 1667 1294 1722 πολλοῦ
1336 1662 1447 1744 γιὶρ
1492 1664 1562 1739 δή
1608 1667 1892 1724 ποιεῦνται

287 1752 740 1830 Ἀπολλωνιῆται
776 1752 850 1815 τὰ
887 1752 1157 1829 πρόβατα
1208 1755 1398 1824 ταῦτα,
1443 1756 1505 1810 ἐκ
1554 1753 1892 1828 θεοπροπίου

287 1842 454 1906 τινός·
495 1848 555 1902 ἐν
581 1842 640 1901 δὲ
673 1840 851 1919 ἄντρῳ
887 1839 1221 1910 αὐλίζονται,
1250 1838 1363 1898 σῖπὸ
1391 1842 1491 1914 τῆς
1517 1839 1718 1902 πόλιος
1746 1840 1891 1905 ἑκάς·

291 1930 420 1990 ἔνθα
445 1930 513 2006 δή
539 1930 669 1990 τότε
687 1930 719 1990 ὁ
738 1927 974 2004 Εὐήνιος
1001 1926 1161 1991 οὗτος
1180 1926 1547 2005 ἀραιρημένος
1572 1927 1893 2004 ἐφύλασσε·

289 2019 388 2076 καί
441 2042 568 2077 κοτε
627 2016 796 2075 αὐτοῦ
861 2014 1377 2089 κατακοιμήσαντος
1442 2015 1547 2091 τήν
1613 2015 1890 2093 φυλακήν,

289 2104 665 2181 παρελθόντες
715 2102 878 2161 λύκοι
933 2106 988 2165 ἐς
1038 2101 1104 2160 vd
1161 2100 1361 2179 ἄντρον
1414 2104 1735 2180 διέφθειραν
1782 2108 1895 2163 τῶν

287 2190 591 2268 προβάτων
633 2188 703 2251 ὥς
743 2188 1027 2264 ἑξήκοντα·
1069 2188 1102 2249 ὅ
1140 2190 1199 2249 δὲ
1238 2190 1308 2253 ὥς
1345 2190 1558 2267 ε’πήϊσε,
1596 2190 1713 2270 εἶχε
1752 2197 1892 2271 σιγῇ

289 2280 382 2337 καὶ
434 2278 638 2354 ἔφραζε
685 2275 878 2347 ουδενὶ,
927 2283 984 2337 ἐν
1039 2277 1147 2337 νόω
1199 2279 1339 2356 ἔχων
1392 2277 1893 2355 ἀντικαταστήσειν

288 2364 445 2427 ἄλλα
470 2390 790 2442 πριαμενος·
833 2366 926 2423 καὶ
951 2392 1018 2424 ου
1043 2392 1155 2445 γαρ
1190 2367 1357 2426 ἔλαθε
1393 2392 1523 2431 τους
1547 2366 1891 2427 Ἀπολλωνι-

287 2451 425 2529 ήτας
447 2456 624 2513 ταῦτα
646 2452 932 2534 γενόμενα,
959 2452 1091 2511 ἀλλ’
1113 2480 1185 2516 ως
1206 2452 1545 2524 ε’·ιιύθονίὌ,ε
1511 2452 1894 2536 υπαγαγόντες

291 2565 390 2618 μιν
434 2540 543 2601 υπὸ
587 2540 946 2618 δικαστήριον
989 2541 1327 2617 κατέκριναν,
1370 2568 1445 2604 ως
1485 2541 1589 2617 τὴν
1632 2540 1895 2618 φυλακην

292 2628 796 2706 κατακοιμήσαντα,
828 2633 931 2705 τῆς
969 2628 1130 2706 ὄψιος
1170 2630 1531 2705 στερηθῆναι·
1571 2630 1697 2689 ἐπεί
1729 2654 1793 2688 τε
1834 2628 1895 2687 δὲ

290 2716 389 2777 τᾶν
427 2716 666 2793 Εὐήνιον
703 2715 1114 2792 ἐξετύφλωσαν,
1144 2715 1343 2776 αὐτίκα
1376 2715 1521 2792 μετοὶ
1550 2720 1727 2776 ταῦτα
1766 2713 1894 2775 οὔτε

290 2803 555 2880 πρόβατά
591 2810 704 2879 σφι
739 2804 913 2863 ἔτικτε
951 2802 1078 2864 οὔτε
1109 2806 1186 2883 γῆ
1224 2806 1387 2879 ἔφερε
1422 2802 1626 2880 ὁμοίως
1660 2802 1895 2879 καρπόν·

289 2891 590 2966 πρόφαντα
629 2890 692 2949 δέ
729 2896 842 2965 σφι
891 2892 947 2950 ἔν
984 2916 1047 2949 τε
1089 2889 1329 2967 Δωδώνῃ
1370 2890 1463 2947 καὶ
1503 2895 1563 2949 ἐν
1604 2892 1895 2964 Δελφοῖσι

293 2976 519 3056 ἐγίνετο,
553 2976 676 3035 ἐπεί
695 3001 760 3036 τε
785 2975 1107 3052 ε’πειρῶτευν
1137 2976 1267 3037 τούς
1300 2975 1597 3053 προφήτας
1621 2976 1689 3035 vd
1716 2976 1896 3035 αἴτιον

289 3066 390 3121 τοῦ
436 3062 740 3139 παρεόντος
786 3067 973 3133 κακοῦ,
1021 3065 1076 3121 οἶ
1123 3062 1184 3120 δὲ
1230 3062 1451 3121 αὐτοῖσι
1500 3062 1758 3138 ἔφραζον,
1806 3062 1895 3122 ὅτι

292 3147 488 3211 ἀδίκως
511 3150 612 3210 τᾶν
638 3148 896 3225 φύλακον
912 3153 1026 3209 τῶν
1051 3151 1182 3224 ἱρῶν
1206 3148 1511 3224 προβάτων
1527 3147 1769 3223 Εὐήνιον
1792 3153 1897 3224 τῆς

307 3230 455 3308 ’ψιος
479 3234 812 3311 ἐστέρησαν·
847 3234 1010 3297 αὐτοὶ
1033 3233 1147 3313 γὰρ
1172 3237 1495 3311 ἐπορμῆσαι
1514 3232 1647 3297 τοῦς
1670 3232 1892 3296 λύκους·
