2259 3500
291 139 356 188 32
387 163 390 168 -
913 135 1304 192 mmmmm·
1800 136 1897 203 [v

287 216 642 296 στασιώτῃσι
665 215 770 279 τας
794 215 973 295 ἆρχας
1009 217 1319 294 ἐνεχείριζε.
1376 215 1809 293 ἀντισταθείσης
1834 219 1897 280 δὲ

287 331 389 382 της
433 307 655 383 βουλῆς
710 304 802 362 καὶ
856 303 920 364 οὗ
967 305 1325 381 βουλομένης
1377 305 1691 374 πείθεσθαι,
1742 305 1775 365 ὅ
1832 333 1895 368 τε

290 396 616 471 Κλεομένης
655 394 746 452 καὶ
783 392 814 452 ὁ
849 392 1149 474 Ἰσαγόρης
1182 393 1275 451 καὶ
1302 395 1355 452 οἶ
1377 397 1689 453 στασιῶται
1722 394 1893 456 ank-013

288 482 794 561 καταλαμβάνουσι
840 481 944 558 τήν
988 481 1320 560 ἀκρόπολιν·
1380 481 1687 557 Ἀθηναίων
1733 483 1793 542 δὲ
1834 485 1889 544 οἷ.
1923 511 1927 516 ·

291 572 502 642 λοιποὶ,
545 571 618 631 τὰ
657 569 798 630 αὖταῖ
846 569 1231 648 φρονήσαντες
1278 569 1639 647 ἐπολιόρκεον
1692 570 1893 637 αὐτοῦς

286 658 499 737 ἡμέρας
552 659 669 718 δύο·
726 663 799 738 τῇ
853 659 912 717 δὲ
961 660 1124 737 τρίτῃ
1170 657 1523 719 ὑπόσπονδοι
1573 658 1893 737 ἐξέρχονται

288 752 350 806 ἐκ
413 753 514 824 τῆς
572 747 758 827 χώρης
816 746 946 807 ὅσοι
1005 746 1157 823 ἦσαν
1210 745 1391 806 αὐτῶν
1444 745 1889 822 Λακεδαιμόνιοι.

288 837 610 897 ἐπετελέετο
637 837 697 895 δὲ
731 839 809 915 τῷ
841 836 1153 913 Κλεομένεϊ
1178 835 1217 912 ἦ
1245 834 1429 911 φήμη·
1474 833 1543 897 ὦς
1568 833 1681 916 γὰρ
1712 833 1891 914 ἀνέβη

287 929 343 987 ε’ς
366 923 472 1000 τήν
498 925 808 1002 ἀκρόπολιν
830 925 1058 1001 μέλλων
1085 922 1154 998 δή
1184 922 1357 999 αὐτὴν
1380 922 1783 1000 κατασχήσειν,
1804 924 1893 1001 ἤϊε

287 1017 342 1075 ἐς
381 1012 448 1072 τὸ
491 1013 690 1072 ἄδυτον
729 1016 830 1088 τῆς
877 1013 1006 1071 θεοῦ
1053 1011 1124 1073 ὦς
1164 1012 1503 1088 προσερέων·
1558 1011 1597 1087 ἦ
1638 1012 1697 1070 δὲ
1742 1013 1892 1090 ἶρηΐη

285 1099 648 1169 ἐξαναστᾶσα
680 1105 741 1159 ἐκ
773 1103 874 1159 τοῦ
909 1099 1109 1175 θρόνου
1143 1100 1275 1176 πρὶν
1306 1098 1344 1175 ἢ
1376 1098 1477 1162 τοὶς
1516 1097 1687 1174 θύρας
1724 1099 1893 1161 αὗτόν

286 1186 540 1265 ἆμεῖψαι,
584 1189 723 1247 εἶπε·
765 1187 807 1247 ὦ
850 1188 994 1258 ξεῖνε
1033 1185 1454 1264 Λακεδαιμόνιε,
1483 1188 1659 1247 πάλιν
1700 1188 1887 1267 χώρει,

281 1275 410 1352 μηδ’
454 1277 601 1336 ἔσιθι
658 1275 712 1339 ἐς
764 1275 832 1336 τό
887 1275 1024 1351 ἱρόν·
1070 1274 1136 1336 οὗ
1178 1274 1289 1356 γοῖρ
1342 1274 1571 1352 θεμιτὸν
1614 1280 1893 1352 Δωριεῦσι

284 1365 542 1441 παριέναι
578 1363 866 1425 ἐνθαῦτα·”
924 1363 956 1424 ὁ
999 1364 1058 1423 δὲ
1096 1364 1235 1423 εἶπε·
1292 1370 1329 1399 “
1345 1363 1388 1422 ὦ
1430 1363 1608 1444 γύναι,
1650 1363 1783 1422 ἀλλ’
1828 1365 1893 1424 οὗ

290 1451 532 1530 Δωριεύς
571 1457 683 1529 εἰμι
717 1451 848 1512 ἀλλ’
875 1451 1157 1532 Ἀχαιός.”
1238 1452 1271 1513 ὅ
1306 1455 1410 1530 μὲν
1436 1451 1505 1527 δὴ
1532 1457 1603 1529 τῇ
1632 1451 1894 1528 κλεηδόνι

287 1539 443 1601 οὐδὲν
508 1541 835 1620 χρεώμενος,
890 1539 1224 1620 ἐπεχείρησέ
1278 1565 1341 1601 τε
1389 1541 1482 1599 καὶ
1535 1540 1663 1600 τότε
1720 1541 1893 1602 πάλιν

289 1627 546 1698 ἐξέπιπτε
583 1629 726 1708 μετοὶ
766 1633 876 1690 τῶν
913 1629 1380 1706 Λακεδαιμονίων·
1422 1629 1552 1692 τούς
1588 1629 1648 1688 δὲ
1683 1628 1895 1693 ἄλλους

286 1715 574 1795 Ἀθηναῖοι
609 1717 920 1795 κατέδησαν
955 1717 1058 1795 τήν
1086 1716 1179 1778 ε’πὶ
1216 1715 1452 1797 θανάτῳ·
1497 1716 1555 1778 ἓν
1583 1718 1642 1777 δὲ
1672 1717 1893 1779 αὐτοῖσι

289 1806 381 1865 καὶ
405 1808 751 1884 Τιμησίθεον
776 1805 878 1866 τᾶν
909 1806 1163 1883 Δελφόν,
1190 1810 1291 1866 τοῦ
1320 1808 1457 1887 ἔργα
1482 1808 1687 1883 χειρῶν
1711 1832 1775 1865 τε
1803 1808 1894 1865 καὶ

284 1895 537 1971 λήματος
579 1893 755 1972 ἔχοιμ’
792 1892 859 1953 ἂν
901 1896 1148 1976 μέγιστα
1194 1894 1514 1963 καταλέξαι.
1598 1892 1750 1953 οὗτοι
1790 1894 1895 1969 μέν

193 1981 268 2043 73
288 2008 384 2041 νυν
405 1983 683 2058 δεδεμένοι
705 1982 1092 2058 ἐτελεύτησαν.
1150 1982 1439 2057 Ἀθηναῖοι
1466 1981 1527 2040 δὲ
1552 2006 1693 2057 μετα
1718 1986 1895 2041 ταῦτα

288 2068 638 2175 Κλεισθένεα
676 2071 768 2129 καὶ
792 2095 864 2130 τα
893 2070 1203 2130 ἑπτακόσια
1238 2070 1465 2129 ἐπίστια
1490 2068 1561 2128 τοὶ
1590 2068 1894 2147 διωχθέντα

285 2155 394 2216 ὖπό
435 2156 786 2234 Κλεομένεος
827 2158 1343 2237 μεταπεμψάμενοι,
1387 2157 1677 2234 πέμπουσι
1726 2155 1891 2237 ἄγγε’·

271 2236 423 2307 λους
465 2250 518 2308 ἐς
547 2246 749 2322 Σαρδις
791 2246 1122 2326 συμμαχίην
1156 2244 1502 2323 βουλόμενοι
1541 2244 1896 2321 ποιήσασθαι

287 2358 428 2410 προς
468 2330 718 2409 Πέρσας·
771 2334 1082 2411 ἠπιστέατο
1118 2334 1230 2416 γάρ
1269 2340 1381 2411 σφι
1422 2334 1896 2411 Λακεδαιμονίους

288 2446 350 2481 τε
391 2421 482 2479 καὶ
516 2424 842 2499 Κλεομένεα
883 2424 1407 2500 ἐκπεπολεμῶσθαι·
1444 2422 1793 2499 ἀπικομένων
1836 2421 1897 2480 δὲ

289 2512 399 2569 τῶν
437 2508 744 2590 οἷγγέλων’
719 2536 774 2573 ες
810 2510 911 2573 τοῖς
953 2510 1155 2586 Σάρδις
1198 2512 1291 2569 καὶ
1331 2510 1611 2590 λεγόντων
1648 2510 1719 2569 τοὶ
1752 2514 1895 2570 ε’ντε-

289 2596 556 2673 ταλμένα,
581 2596 1022 2674 Ἀρταφέρνης“
990 2624 1021 2657 ο
1049 2597 1422 2665 Ὑστάσπεος,
1452 2596 1757 2673 Σαρδίων“γ
1724 2622 1898 2674 υπαρ-

290 2710 409 2763 χος,
458 2684 727 2761 ε’πειρωτα
767 2711 909 2748 τινες
963 2684 1146 2747 ἐόντες
1193 2682 1474 2761 ανθρωποι
1528 2709 1617 2742 και
1663 2688 1745 2759 πῆ
1790 2688 1897 2765 γῆς

293 2772 572 2849 οικημένοι
599 2772 816 2832 δεοίατο
843 2771 1112 2849 Περσέων
1140 2771 1434 2849 σύμμαχοι
1460 2772 1757 2852 γενέσθαι;
1796 2799 1896 2831 πυ-

292 2859 526 2937 θόμενος
578 2860 637 2919 δὲ
690 2885 831 2938 προς
876 2862 989 2919 τῶν
1042 2858 1315 2940 αγγέλων,
1365 2857 1725 2936 α’,πεκορυφου
1783 2866 1897 2933 σφι

290 2948 440 3008 ταδε·
484 2952 531 3008 εἶ
535 2951 674 3035 μὲν
701 2948 920 3008 διδοῦσι
955 2946 1201 3024 βασιλέϊ
1228 2942 1446 3026 Δαρείω
1472 2945 1762 3024 Ἀθηναῖοι
1788 2951 1897 3028 γῆν

291 3062 354 3095 τε
381 3037 472 3096 καὶ
499 3018 721 3115 ὕδωρ,
688 3064 718 3098 ο
762 3037 821 3096 δὲ
861 3037 1195 3116 συμμαχίην
1236 3042 1348 3112 σφι
1391 3037 1733 3096 συνετιθετο·
1764 3039 1811 3093 εἰ
1838 3034 1897 3093 δὲ

290 3150 372 3201 μη
415 3126 647 3201 διδοῦσι,
692 3124 1183 3186 α’,παλλασσεσθαι
1226 3123 1423 3189 αὐτους
1458 3126 1697 3185 εκέλευε·
1747 3125 1801 3181 οἶ
1837 3121 1899 3179 δὲ

293 3211 526 3293 ἄγγελοι
562 3216 654 3276 επὶ
695 3216 889 3292 σφέων
925 3214 1108 3274 αυτῶν
1142 3216 1459 3292 βαλόμενοι
1511 3216 1722 3273 διδόναι
1764 3210 1895 3283 ἔφα-

293 3323 420 3369 σαν,
442 3302 785 3379 βουλόμενοι
816 3308 923 3380 τήν
953 3303 1284 3382 συμμαχίην
1311 3301 1684 3378 ποιήσασθαι.
1742 3292 1899 3353 ουτοι
