2259 3500
337 2 687 19 -Μ

331 138 614 202 134-137]
1001 134 1310 186 o‘rPAmA.
1832 136 1929 187 275

331 220 534 298 άνδρου
563 218 674 300 γὰρ
711 216 996 293 ἀδελφεήν
1030 209 1312 296 Γυγαίην,”
1336 212 1616 291 Ἀμύντεω
1658 214 1719 275 δὲ
1760 215 1928 297 θυγα-

329 309 480 387 τέρα,
548 305 848 381 Βουβάρης
899 303 1041 381 άνῆρ
1105 303 1337 380 Πέρσης
1396 303 1548 381 ἔσχε,
1611 306 1671 361 ἐκ
1722 306 1824 378 τῆς
1876 305 1931 362 οἱ
1960 356 1975 377 s

331 394 582 477 ἐγεγόνεε
619 392 896 469 Ἀμύντης
937 392 968 451 ὁ
1010 396 1068 450 ἐν
1105 394 1179 469 τῇ
1217 390 1401 469 Ἀσίῃ,
1432 392 1573 467 ἔχων
1610 390 1675 450 τὸ
1719 389 1927 467 οὕνομα

328 488 430 543 τοῦ
457 480 900 559 μητροπάτορος·
939 483 1017 559 τῷ
1053 478 1121 555 δὴ
1156 484 1215 540 ἐκ
1250 479 1529 553 βασιλέος
1563 483 1665 555 τῆς
1688 480 1931 559 Φρυγίης

331 570 496 645 ἐδόθη
528 568 862 645 Ἀλάβανδα
902 566 1070 629 πόλις
1099 564 1325 646 μεγάλη
1360 567 1671 647 νέμεσθαι·)
1711 565 1829 644 ἅμα
1870 566 1929 625 δὲ

331 658 363 718 ὁ
389 656 723 735 Μαρδόνιος,
745 654 1055 732 πυθόμενος
1081 653 1169 713 ὅτι
1192 653 1458 731 πρόξενός
1474 680 1538 714 τε
1554 656 1638 730 εἴη
1666 654 1758 714 καὶ
1784 654 1931 731 εὐερ-

328 747 494 825 γέτης
532 744 564 804 ὁ
593 743 978 820 Ἀλέξανδρος,
1017 743 1247 819 ἔπεμπε·
1285 741 1418 805 τούς
1454 741 1565 821 γὰρ
1600 742 1931 819 Ἀθηναίους

331 831 474 891 οὕτω
509 830 692 891 ἐδόκεε
725 830 982 908 μάλιστα
1015 828 1496 907 προσκτήσεσθαι,
1530 829 1672 890 λεῶν
1696 856 1758 890 τε
1784 834 1925 890 πολ-

329 918 436 979 λόν
470 917 580 995 ἄρα
614 917 827 978 οἷκούων
857 918 996 978 εἶναι
1035 917 1126 976 καὶ
1158 916 1415 994 ἄλκιμον,
1440 917 1513 977 τά
1550 943 1613 978 τε
1654 918 1795 977 κατοὶ
1825 918 1929 993 τήν

333 1004 636 1065 θάλασσαν
690 1004 1037 1083 συντυχόντα
1083 1010 1197 1080 σφι
1237 1006 1543 1081 παθήματα
1586 1030 1929 1085 κατεργασα-

330 1094 528 1169 μένους
578 1093 834 1169 μάλιστα
881 1094 1210 1169 Ἀθηναίους
1254 1093 1541 1153 ἐπίστατο·
1608 1093 1817 1154 τούτων
1868 1094 1929 1153 δὲ

331 1181 809 1288 προσγενομένων,
851 1179 1158 1256 κατήλπιζε
1198 1178 1460 1243 εὐπετέως
1496 1184 1598 1256 τῆς
1628 1180 1931 1257 θαλάσσης

331 1268 648 1345 κρατήσειν,
673 1267 850 1345 τάπερ
883 1265 952 1328 ἂν
989 1268 1082 1327 καὶ
1116 1266 1207 1344 ἦν·
1247 1270 1391 1347 πεζῇ
1413 1293 1476 1328 τε
1501 1267 1685 1329 ἐδόκεε
1709 1269 1931 1329 πολλον

333 1356 472 1415 εἶναι
503 1357 778 1435 κρέσσων·
827 1357 970 1416 οὕτω
1004 1382 1068 1417 τε
1105 1356 1391 1436 ἐλογίζετο
1419 1356 1730 1433 κατύπερθέ
1767 1360 1821 1416 οἶ
1854 1383 1927 1417 τα

331 1444 636 1525 πρήγματα
675 1444 908 1504 ἔσεσθαι
947 1442 1081 1525 [τῶν
1114 1442 1503 1524 “Ελληνικω”ν.]
1582 1443 1733 1522 τάχα
1772 1442 1819 1503 δ’
1858 1442 1927 1503 ἂν

334 1532 426 1589 καὶ
466 1532 538 1590 τοὶ
575 1530 897 1610 χρηστήρια
933 1528 1110 1591 ταῦτά
1148 1534 1203 1590 οἱ
1240 1531 1529 1612 προλέγοι,
1575 1531 1928 1607 συμβουλεύ-

333 1643 468 1677 οντα
501 1619 806 1697 σύμμαχον
839 1618 906 1678 vd
941 1617 1241 1695 Ἀθηναῖον
1280 1621 1335 1677 οἱ
1363 1617 1734 1693 ποιήσασθαι·
1774 1621 1924 1677 τοῖσι

334 1704 403 1781 δή
429 1704 753 1781 πειθόμενος
778 1706 1006 1782 ἔπεμπε.

414 1791 526 1846 Τοῦ
578 1787 639 1845 δὲ
687 1786 1058 1866 Ἀλεξάνδρου
1108 1785 1308 1847 τούτου
1360 1786 1604 1863 ἕβδομος
1654 1785 1887 1868 γενέτωρ
1908 1787 2022 1850 137

335 1873 644 1950 Περδίκκης
684 1873 824 1944 ἐστὶ,
860 1874 892 1934 o‘
933 1871 1281 1951 κτησάμενος
1312 1878 1423 1935 τῶν
1458 1873 1793 1954 Μακεδόνων
1827 1873 1931 1950 τὴν

333 1962 626 2039 τυραννίδα
650 1960 838 2041 τρόπῳ
856 1962 1064 2041 τοιῷδε·
1093 1961 1156 2032 ἐξ
1168 1959 1406 2042 Ἀργεος
1432 1963 1641 2043 ἔφυγον
1666 1966 1721 2024 ἐς
1743 1960 1927 2020 Ἰλλυ-

332 2049 483 2126 ριοῦς
496 2054 606 2110 τῶν
621 2054 874 2127 Τημενοῧ
894 2049 1183 2132 ἀπογόνων
1208 2052 1355 2127 τρεῖς
1374 2049 1659 2126 ἀδελφεοὶ,
1680 2047 1929 2126 Γαυάνης

331 2163 394 2198 τε
437 2139 530 2197 καὶ
579 2137 850 2214 Ἀέροπος
891 2141 984 2199 καὶ
1026 2137 1354 2215 Περδίκκης·
1423 2143 1485 2198 ἐκ
1536 2137 1597 2198 δὲ
1639 2137 1931 2215 Ἰλλυριῶν

331 2223 750 2303 ὑπερβαλόντες
792 2231 847 2290 ἐς
877 2226 981 2301 τήν
1011 2225 1122 2286 ἅνω
1161 2226 1529 2303 Μακεδονίην,
1568 2225 1833 2286 ἀπίκοντο
1874 2231 1930 2290 ἐς

333 2313 590 2388 Λεβαίην
607 2312 794 2372 πόλιν·
824 2314 1062 2374 ἐνθαῦτα
1087 2313 1148 2372 δὲ
1174 2312 1433 2389 ἐθήτευον
1458 2314 1549 2373 ἐπὶ
1574 2315 1761 2392 μισθῷ
1776 2314 1931 2390 παρὰ

333 2403 411 2477 τῷ
451 2399 712 2475 βασιλέϊ,
747 2399 779 2460 ὄ
819 2403 924 2477 μὲν
967 2401 1169 2463 ἵππους
1208 2401 1401 2476 νέμων,
1430 2400 1462 2460 ὅ
1506 2401 1567 2460 δὲ
1598 2402 1759 2477 βοῦς,
1795 2401 1827 2461 ὁ
1870 2402 1929 2461 δὲ

334 2485 605 2550 νεώτατος
630 2485 810 2547 αὖτῶν
836 2488 1147 2564 Περδίκκης
1170 2487 1241 2547 τοὶ
1268 2489 1451 2548 λεπτοὶ
1474 2492 1587 2549 τῶν
1604 2487 1926 2565 προβάτων·

333 2573 484 2648 ἦσαν
516 2574 575 2633 δὲ
605 2573 671 2634 τὰ
704 2574 884 2634 πάλαι
919 2575 1012 2633 καὶ
1047 2577 1106 2633 αἱ
1136 2576 1445 2652 τυραννίδες
1478 2579 1588 2636 τῶν
1628 2573 1930 2652 ἀνθρώπων

335 2659 596 2726 οἷσθενέες
636 2661 907 2740 χρήμασι,
953 2660 1018 2722 οὗ
1058 2665 1266 2739 μοῦνον
1308 2660 1340 2723 ὁ
1388 2663 1578 2738 δῆμος·
1628 2661 1665 2736 ἧ
1698 2661 1757 2720 δὲ
1788 2661 1929 2740 γυνή

333 2752 434 2807 τοῦ
473 2750 752 2824 βασιλέος
781 2748 920 2826 adn)
953 2751 1026 2811 τὰ
1065 2750 1221 2810 σιτία
1258 2743 1371 2826 σφι
1412 2750 1637 2808 ἔπεσσε·
1692 2747 1829 2810 ὅκως
1868 2749 1929 2808 δὲ

335 2833 552 2916 ὄπτῷτο
593 2837 626 2898 ὁ
667 2838 832 2915 ἄρτος
868 2842 970 2900 τοῦ
1009 2838 1208 2902 παιδός
1245 2842 1346 2898 τοῦ
1388 2836 1553 2907 θητὸς
1592 2835 1925 2912 Περδίκκεω,

335 2921 634 3000 διπλήσιος
671 2928 880 3006 ἐγίνετο
915 2925 1080 2990 αὖτός
1116 2929 1338 2986 ἑωυτοῦ·
1382 2925 1500 2983 ἐπεὶ
1526 2923 1585 2982 δὲ
1612 2925 1719 2982 αἰεὶ
1752 2923 1927 2984 τῶυτό

335 3015 500 3072 τοῦτο
527 3015 752 3094 ἐγίνετο,
783 3013 903 3074 εἶπε
938 3013 1078 3093 πρός
1108 3013 1207 3075 τόν
1243 3011 1415 3089 ἄνδρα
1444 3009 1543 3072 τόν
1570 3014 1787 3086 ἑωυτῆς·
1828 3011 1928 3071 τόν

333 3099 394 3158 δὲ
419 3098 736 3162 α’κούσαντα
773 3103 986 3178 ἐσῆλθε
1011 3101 1223 3172 αὐτίκα,
1253 3100 1323 3163 ὥς
1351 3099 1434 3174 εἴη
1459 3097 1621 3174 τέρας
1647 3098 1739 3157 καὶ
1765 3099 1929 3176 φέροι

333 3192 388 3251 ἔς
420 3191 571 3271 μέγα
595 3216 671 3251 τι·
712 3191 960 3254 καλέσας
986 3189 1045 3250 δὲ
1070 3189 1200 3252 τοῦς
1228 3189 1413 3263 θῆτας,
1440 3184 1785 3265 προηγόρευέ
1816 3191 1931 3262 σφι

329 3277 818 3342 ἀπαλλάσσεσθαι
837 3283 898 3340 ἐκ
921 3281 1028 3359 γῆς
1049 3280 1152 3354 τῆς
1176 3276 1377 3341 ἑωυτοῦ
1384 3299 1397 3312 ·
1438 3274 1493 3332 οἱ
1518 3272 1579 3331 δὲ
1603 3272 1703 3333 τόν
1720 3273 1931 3348 μισθόν
