2259 3500
408 121 626 186 53—57]
817 177 824 180 ,
1084 121 1313 171 nmmo.
1368 133 1373 142 ·
1938 122 2003 176 79

405 201 692 276 βασιλέας
728 202 896 281 μέχρι
935 204 1039 279 μὲν
1065 201 1321 279 Περσέος
1348 205 1451 262 τοῦ
1478 199 1719 278 Δανάης,
1744 206 1847 263 τοῦ
1874 203 2007 264 θεοῦ

406 287 693 360 ἀπεόντος,
722 290 1198 370 καταλεγομένους
1222 287 1403 367 ὀρθῶς
1431 289 1545 352 fimi
1581 289 1873 366 Ἑλλήνων
1914 292 2007 352 καὶ

407 375 898 455 ἀποδεικνυμένους
939 377 1012 442 ὦς
1055 381 1167 437 εἶσι
1188 377 1487 455 Ἕλληνες·
1530 377 1660 459 (ἤδη
1705 376 1817 460 γάρ
1859 405 2007 456 τηνι-

409 469 585 524 καῦτα
625 470 680 528 ἐς
704 465 994 541 Ἕλληνας
1036 464 1190 526 οὗτοι
1228 468 1491 548 ἐτέλεον)
1534 467 1699 536 ἔλεξα
1740 467 1801 526 δὲ
1838 469 2007 548 μέχρι

410 552 678 629 Περσέος,
693 552 828 612 ἀλλ’
844 553 942 612 οὐκ
971 553 1237 615 ἀνέκαθεν
1264 555 1343 614 ἔτι
1368 557 1598 631 ἔλαβον,
1624 555 1789 615 τοῦδε
1810 555 2005 628 εἵνεκα,

405 638 495 699 ὅτι
539 639 640 700 οὐκ
687 643 881 702 ἔπεστι
926 642 1207 719 ἐπωνυμίη
1255 644 1475 720 Περσέῖ
1516 642 1747 720 σῦδεμία
1790 645 2006 722 πατρός

405 729 628 804 θνητοῦ,
659 729 850 806 ὥσπερ
874 730 1151 808 Ἡρακλέϊ
1173 729 1553 810 Ἀμφιτρύων·
1593 731 1701 808 ἤδη
1744 731 1819 792 ὧν
1862 731 2009 812 ὀρθῷ

406 817 562 898 λόγῳ
603 820 894 899 χρεωμένῳ
931 820 1102 898 μέχρι
1141 823 1244 880 τοῦ
1282 819 1539 898 Περσέος
1578 819 1755 896 ὀρθῶς
1796 822 2015 897 εἴρηταί

405 931 525 980 μοι.
572 904 688 967 α’,πό
714 907 774 966 δὲ
798 906 1025 984 Δανάης
1049 911 1149 982 τῆς
1173 906 1466 985 Ἀκρισίου
1492 908 1857 988 καταλέγοντι
1881 908 2011 972 τοῦς

405 991 520 1054 ἅνω
545 995 652 1054 αἶεὶ
677 996 920 1074 πατέρας
946 994 1143 1065 αὗτῶν,
1170 995 1467 1071 φαινοίατο
1494 994 1565 1056 ἂν
1590 993 1771 1059 ἐόντες
1806 999 1861 1054 οἱ
1898 1000 2010 1057 τῶν

408 1087 662 1161 Δωριέων
686 1083 958 1164 ἡγεμόνες
982 1082 1281 1164 Αἰγύπτιοι
1308 1083 1601 1164 ἰθαγενέες.
1682 1087 1871 1144 Ταῦτα
1901 1085 2007 1162 μέν
2024 1087 2101 1144 54

405 1197 502 1231 νυν
545 1171 688 1232 κατὰ
727 1171 800 1232 τοῖ
813 1171 1094 1249 Ἕλληνες
1135 1172 1374 1252 λέγουσι
1407 1171 1893 1253 γεγενεηλόγηται·
1924 1172 2009 1237 ὀἷς

405 1259 467 1318 δὲ
497 1259 530 1321 ὅ
558 1261 829 1338 Περσέων
866 1260 1042 1342 λόγος
1081 1261 1325 1342 λέγεται,
1354 1259 1517 1324 αὐτὸς
1549 1261 1581 1320 ὁ
1610 1261 1865 1338 Περσεύς
1906 1263 2007 1323 ἐῶν

404 1345 714 1427 Ἀσσύριος
740 1350 956 1431 ἐγένετο
973 1347 1215 1425 Ἕλλην,
1236 1347 1367 1408 ἀλλ’
1389 1347 1490 1408 οὐκ
1516 1352 1571 1408 οἱ
1590 1350 1847 1426 Περσέος
1872 1349 2008 1428 πρό-

403 1460 582 1516 γονοι·
605 1437 754 1501 ’τούς
794 1438 854 1498 δὲ
888 1436 1179 1515 Ἀκρισίου
1208 1463 1278 1519 γε
1316 1437 1559 1515 πατέρας
1593 1436 2007 1519 ὁμολογέοντας

407 1523 527 1588 κατ’
547 1526 866 1602 οἰκηῖότητα
887 1526 1102 1603 Περσέῖ
1127 1525 1302 1595 οὐδὲν,
1320 1524 1549 1588 τούτους
1573 1525 1633 1585 δὲ
1660 1526 1813 1597 εἶναι,
1844 1527 2004 1586 κατά-

405 1637 514 1688 περ
529 1611 812 1689 Ἕλληνες
837 1615 1087 1694 λέγουσι,
1119 1613 1475 1695 Αἰγυπτίους.
1558 1614 1675 1673 Καὶ
1699 1618 1874 1674 ταῦτα
1899 1616 2004 1691 μέν
2021 1619 2097 1675 55

406 1725 506 1761 νυν
543 1701 671 1779 περὶ
710 1700 918 1763 τούτων
951 1701 1213 1779 εἰρήσθω·
1255 1701 1288 1761 ὅ
1313 1727 1370 1762 τι
1392 1701 1455 1761 δὲ
1481 1701 1661 1764 ἐόντες
1686 1702 1997 1782 Αἰγύπτιοι,

408 1790 500 1849 καὶ
535 1788 570 1851 ὅ
601 1816 658 1851 τι
695 1788 1100 1868 ἀποδεξάμενοι
1142 1792 1359 1867 ἔλαβον
1396 1790 1496 1854 τοὶς
1534 1789 1789 1866 Δωριέων
1834 1792 2001 1865 βασι·

406 1878 584 1953 ληΐας,
635 1878 871 1943 ἄλλοισι
915 1878 1026 1960 γὰρ
1072 1879 1203 1955 περὶ
1256 1876 1433 1938 αὐτῶν
1489 1879 1713 1955 εἴρηται,
1762 1876 2006 1954 ἐάσομεν

403 1964 562 2039 αὐτοὶ,
599 1969 673 2028 τὰ
709 1967 770 2027 δὲ
804 1966 978 2027 ἄλλοι
1009 1964 1077 2027 οὗ
1117 1965 1504 2042 κατελάβοντο
1538 1964 1745 2027 τούτων
1782 1966 2007 2044 μνήμην

403 2058 730 2135 ποιήσομαι.

484 2148 660 2223 Γέρεα
685 2147 744 2205 δὲ
770 2144 838 2222 δὴ
864 2144 999 2205 τάδε
1023 2146 1179 2205 τοῖσι
1202 2144 1519 2220 βασιλεῦσι
1545 2144 1891 2219 Σπαρτιῆται
1916 2143 1999 2202 δε-
2021 2144 2097 2203 56

404 2232 634 2292 δῶκασι·
685 2233 958 2311 ἱρωσύνας
999 2232 1114 2303 δύο,
1160 2230 1299 2295 Διός
1340 2256 1403 2292 τε
1448 2230 1861 2307 Λακεδαίμονος
1910 2232 2002 2290 καὶ

407 2320 542 2383 Διός
571 2321 868 2397 Οὐρανίου·
912 2320 1004 2379 καὶ
1045 2318 1298 2397 πόλεμόν
1331 2346 1399 2401 γε
1434 2319 1689 2396 ἐκφέρειν
1726 2318 1811 2377 ἐπ’
1836 2317 1907 2395 ἥν
1938 2316 2007 2379 ἂν

405 2406 726 2480 βούλωνται
763 2407 971 2486 χώρην·
1008 2406 1211 2469 τούτου
1236 2406 1295 2465 δὲ
1320 2407 1531 2484 μηδένα
1563 2407 1701 2467 εἶναι
1728 2409 2005 2485 Σπαρτιη-

405 2494 541 2554 τέων
583 2494 944 2571 διακωλυτήν·
988 2498 1036 2555 εἷ
1077 2496 1137 2555 δὲ
1179 2495 1275 2573 μὴ,
1312 2494 1482 2555 αὖτόν
1525 2499 1583 2553 ἐν
1615 2500 1693 2573 τῷ
1728 2494 1853 2575 ἅγεῖ
1894 2496 2003 2555 ἐνέ-

405 2584 630 2658 χεσθαι·
658 2585 1110 2661 στρατευομένων
1136 2584 1211 2654 δὲ,
1239 2583 1495 2661 πρώτους,
1518 2583 1653 2643 ἰέναι
1679 2583 1808 2646 τούς
1832 2586 2004 2660 βασι·

404 2670 540 2733 λέας
563 2670 836 2736 ὑστάτους
861 2673 922 2731 δὲ
949 2672 1189 2732 ἀπιέναι·
1219 2672 1414 2733 ἑκατόν
1442 2672 1501 2732 δὲ
1528 2671 1729 2749 ἄνδρας
1755 2671 2001 2753 λογάδας

405 2760 498 2817 ἐπὶ
524 2764 791 2837 στρατιῆς
817 2760 1143 2837 φυλάσσειν
1168 2760 1383 2825 αὐτούς·
1410 2760 1757 2838 προβάτοισι
1785 2760 1843 2817 δὲ
1868 2764 2004 2837 χρᾶ-

403 2848 542 2907 σθαι
569 2854 628 2910 ἐν
652 2854 788 2927 τῇσι
817 2850 1064 2958 ἐξοδίῃσι
1091 2848 1353 2910 ὁκόσοισι
1386 2847 1455 2909 ἂν
1486 2848 1561 2909 ὧν
1597 2849 1852 2908 ἐθέλωσι·
1894 2851 2005 2907 τῶν

403 2934 463 2994 δὲ
509 2937 854 3014 Θυομένωνι
819 2938 1076 2998 απάντων
1110 2964 1183 2997 τα
1222 2936 1467 3014 δέρματά
1508 2962 1571 2996 τε
1614 2936 1705 2996 καὶ
1745 2935 1817 2995 τοὶ
1857 2961 2004 2995 νωτα

402 3025 722 3101 λαμβάνειν
748 3028 952 3102 σφέας.
1012 3030 1188 3086 ταῦτα
1212 3028 1317 3101 μὲν
1343 3024 1416 3084 τοὶ
1442 3024 1779 3102 ἐμπολέμια.
1834 3022 1931 3080 Τοὶ
1945 3024 2005 3083 δὲ
2020 3025 2095 3084 57

402 3111 574 3185 αλλα,
592 3114 666 3174 τοὶ
693 3118 955 3192 εἰρηναῖα,
979 3113 1120 3174 κατοὶ
1145 3114 1277 3173 τάδε
1304 3120 1417 3189 σφι
1444 3113 1679 3171 δέδοται·
1706 3108 1777 3185 ἢν
1804 3110 2006 3187 θυσιην

400 3228 484 3267 τις
509 3203 794 3280 δημοτελῆ
821 3201 1090 3277 ποιέηται,
1118 3201 1369 3280 πρώτους
1401 3200 1491 3259 ἐπὶ
1515 3224 1583 3258 το
1610 3198 1831 3257 δεῖπνον
1875 3198 2007 3268 ἵζειν

399 3290 529 3356 τούς
570 3291 875 3369 βασιλέας·
918 3289 1010 3349 καὶ
1050 3289 1165 3349 άπὸ
1211 3288 1419 3348 τούτων
1462 3290 1683 3361 πρῶτον
1730 3284 2006 3363 ἄρχεσθαι

2131 3343 2249 3399 A
