2259 3500
368 127 649 192 138—140]
954 110 957 113 ’
1044 128 1273 178 ΕΡΑΤΩ.
1857 129 1952 179 117

358 207 631 284 προτέρου
656 204 864 265 τούτων
887 205 954 266 τό
981 206 1292 286 ἐργάσαντο
1319 208 1376 265 αἱ
1400 210 1653 286 γυναῖκες
1675 205 1806 269 τούς
1835 204 1953 282 ἅμα

358 293 567 353 Θόαντι
606 292 804 371 ἄνδρας
844 295 1150 371 σφετέρους
1190 292 1604 364 ἀποκτείνασαι,
1633 294 1954 369 νενόμισται

359 378 465 438 dvo)
502 378 607 455 τὴν
640 379 893 439 Ἑλλάδα
933 407 1005 439 τα
1048 381 1360 459 σχέτλια”
1333 406 1465 461 εργα
1506 381 1690 441 πάντα
1724 381 1947 457 Λήμνια

359 468 681 527 καλέεσθαι.
766 467 1160 528 Ἀποκτεινασι
1224 468 1284 527 δὲ
1338 472 1489 527 τοῖσι
1506 472 1908 578 Πελασγοῖσι
1931 470 2043 528 139

356 579 483 619 τους
527 556 835 633 σφετέρους
877 555 1079 619 παῖδάς
1124 582 1187 615 τε
1233 556 1325 614 καὶ
1368 559 1644 637 γυναῖκας,
1694 555 1818 616 οὔτε
1870 560 1946 637 γῆ

357 643 571 719 καρπόν
606 644 771 720 ἔφερε
807 669 932 703 ουτε
966 644 1220 724 γυναῖκές
1253 670 1316 703 τε
1352 645 1444 703 καὶ
1482 648 1713 720 ποῖμναι
1749 644 1951 721 ομοίως

358 730 567 791 ἔτικτον
589 732 679 790 καὶ
700 732 809 807 πρό
830 736 949 791 τοῦ·
984 731 1297 808 πιεζόμενοι
1326 732 1384 791 δὲ
1411 736 1558 811 λιμῷ
1581 757 1643 792 τε
1670 733 1761 791 καὶ
1787 732 1948 791 ἅπαι-

356 817 462 896 δίῃ,
485 824 539 881 ἐς
560 819 826 897 Δελφοῦς
845 821 1093 896 ἔπεμπον
1118 819 1287 879 λύσιν
1311 819 1436 879 τινα
1462 821 1816 897 αἰτησόμενοι
1841 825 1951 881 τῶν

355 906 671 982 παρεόντων
703 911 901 967 κακῶν·
942 907 979 983 ἧ
1015 907 1073 966 δὲ
1102 907 1289 983 Πυθίη
1332 909 1514 982 σφέας
1545 909 1759 968 ἐκέλευε
1783 907 1948 984 Ἀθη-

355 993 563 1053 ναίοισι
603 995 757 1059 δίκας
784 994 991 1055 διδόναι
1016 994 1220 1057 ταύτας
1244 994 1343 1057 τὰς
1369 994 1437 1054 ἂν
1470 995 1624 1055 αὐτοὶ
1663 994 1950 1071 Ἀθηναῖοι

355 1080 647 1141 δικάσωσι·
686 1082 869 1158 ἦλθόν
892 1108 956 1143 τε
982 1082 1051 1158 δὴ
1080 1087 1136 1147 ἐς
1160 1083 1260 1146 τοὶς
1283 1080 1524 1159 Ἀθήνας
1549 1087 1602 1142 οἱ
1631 1084 1945 1163 Πελασγοὶ,

355 1169 445 1226 καὶ
486 1170 641 1235 δίκας
675 1172 1095 1252 ἐπαγγέλλοντο
1122 1170 1466 1247 βουλόμενοι
1507 1169 1714 1231 διδόναι
1739 1170 1946 1233 παντὸς

352 1259 453 1315 τοῦ
487 1256 843 1335 ἀδικήματος·
882 1257 1172 1333 Ἀθηναῖοι
1199 1258 1260 1317 δὲ
1287 1264 1344 1317 ἐν
1368 1262 1446 1338 τῷ
1471 1260 1785 1337 πρυτανηΐῳ
1827 1258 1943 1318 κλί-

353 1368 451 1419 νην
492 1345 847 1423 στρῶσαντες
889 1345 961 1409 ὥς
1004 1344 1156 1424 εἶχον
1199 1345 1498 1417 κάλλιστα,
1538 1348 1628 1405 καὶ
1668 1347 1946 1423 τράπεζαν

353 1433 623 1508 ἐπιπλέην
650 1433 873 1513 ἀγαθῶν
897 1432 1117 1493 πάντων
1143 1434 1494 1510 παραθέντες,
1525 1436 1777 1494 ἐκέλευον
1815 1433 1944 1497 τούς

353 1520 693 1600 Πελασγούς
716 1520 821 1595 τήν
844 1520 1031 1600 χώρην
1056 1521 1234 1597 σφίσι
1253 1521 1612 1597 παραδιδόναι
1630 1521 1769 1581 οὕτω
1789 1523 1942 1601 ἐχου-

352 1630 483 1664 σαν·
526 1609 579 1665 οἱ
621 1607 680 1665 δὲ
722 1608 1021 1689 Πελασγοὶ
1063 1606 1452 1684 ὕπολαβόντες
1497 1608 1674 1667 εἶπαν·
1723 1619 1760 1644 “
1775 1608 1941 1669 ἐπεοὶν

350 1693 531 1772 βορέῃ
562 1693 745 1775 α’,νέμῳ
771 1694 1081 1773 αὕτημερόν
1106 1699 1238 1772 νηΰς
1265 1695 1502 1774 ἐξανύσῃ
1532 1701 1590 1754 ἐκ
1615 1700 1716 1771 τῆς
1753 1695 1940 1773 ὖμετέ-

348 1807 451 1858 ρης
496 1787 553 1846 ἐς
596 1782 700 1859 τήν
739 1783 1027 1862 ἡμετέρην,
1069 1783 1200 1844 τότε
1239 1783 1694 1861 παραδώσομεν·”
1773 1789 1940 1843 τοῦτο

350 1869 526 1940 εἶπαν,
569 1871 928 1948 ἐπιστάμενοι
966 1876 1131 1932 τοῦτο
1181 1871 1318 1931 εἶναι
1355 1869 1620 1930 ἀδύνατον
1657 1872 1938 1951 γενέσθαι·

346 1956 385 2032 η’
418 1959 527 2039 γοῖρ
551 1957 777 2035 Ἀττική
808 1960 949 2036 πρὸς
974 1960 1138 2020 νότον
1180 1961 1358 2018 κέεται
1398 1959 1619 2018 πολλὸν
1657 1964 1758 2034 τῆς
1783 1959 1937 2035 Λήμ-

346 2069 463 2105 νου.
542 2047 671 2108 τότε
709 2051 812 2125 μὲν
842 2051 1113 2108 τοσαῦτα·
1157 2050 1307 2107 ἔτεσι
1333 2047 1392 2106 δὲ
1421 2046 1595 2123 κάρτα
1620 2051 1895 2107 πολλοῖσι
1919 2050 2032 2106 140

346 2131 581 2212 ὕστερον
620 2135 843 2205 τούτων,
873 2135 943 2198 ὥς
982 2135 1019 2210 ἦ
1046 2135 1410 2212 Χερσόνησος
1435 2134 1472 2209 ἦ
1501 2139 1558 2194 ἐν
1582 2134 1938 2210 Ἑλλησπόν-

346 2233 423 2298 τῳ
458 2223 673 2302 ἐγένετο
712 2222 803 2281 ὑπ’
839 2223 1206 2298 Ἀθηναίοισι,
1235 2223 1550 2298 Μιλτιάδης
1591 2222 1622 2282 ὁ
1665 2225 1933 2299 Κίμωνος,

350 2310 612 2382 ἐτησιέων
656 2309 868 2384 ἀνέμων
920 2311 1337 2386 κατεστηκότων
1382 2311 1472 2386 νηῒ
1520 2310 1832 2374 κατανύσας
1878 2312 1941 2380 ἐξ

348 2391 705 2458 Ἐλαιοῦντος
732 2400 834 2454 τοῦ
874 2401 933 2456 ἐν
960 2396 1308 2476 Χερσονήσῳ
1341 2403 1395 2460 ἐς
1421 2401 1668 2474 Λῆμνον,
1697 2397 1935 2478 προηγό-

348 2505 475 2557 ρευε
515 2482 715 2550 ἐξιέναι
758 2489 816 2542 ἐκ
857 2487 959 2559 τῆς
999 2485 1177 2559 νήσου
1208 2489 1360 2544 τοῖσι
1398 2490 1776 2566 Πελασγοῖσι,
1810 2485 1937 2545 οἰνα-

348 2568 675 2644 μιμνήσκων
694 2572 877 2646 σφέας
900 2571 968 2632 τό
994 2571 1340 2650 χρηστήριον
1356 2571 1424 2631 τό
1447 2572 1663 2649 οὐδαμοὶ
1685 2573 1939 2649 ἤλπισαν

349 2656 526 2729 σφίσι
554 2659 606 2714 οἱ
633 2659 931 2738 Πελασγοὶ
958 2660 1359 2718 ἐπιτελεεσθαι.
1440 2659 1804 2736 Ηφαιστιεες
1835 2663 1939 2738 μέν

349 2767 445 2801 νυν
492 2743 795 2804 ἐπείθοντο.
871 2750 1171 2823 Μυριναιοι
1218 2745 1278 2804 δε
1317 2745 1382 2806 οὗ
1429 2747 1940 2828 συγγινωσκόμενοι

350 2827 489 2887 εἶναι
525 2854 628 2906 την
654 2831 1022 2909 Χερσόνησον
1059 2832 1320 2908 Ἀττικήν
1356 2835 1850 2910 ἐπολιορκέοντο,’
1824 2861 1878 2896 ες
1906 2862 1936 2893 ο

350 2917 440 2974 καὶ
480 2916 638 2977 αυτοὶ
677 2920 1060 2996 παρέστησαν·
1102 2919 1244 2980 οὕτω
1285 2920 1354 2997 δη
1383 2947 1488 2997 την
1512 2921 1796 2997 Λῆμνον
1767 2946 1938 3000 εσχον

347 3001 638 3131 ’ἷῗθηιὶιόἳοί
657 3031 719 3066 τε
746 3006 837 3065 καὶ
863 3007 1236 3084 Μιλτιάδηςϋ·
