2259 3500
359 114 576 180 38-42]
1053 115 1281 165 nmmo.
1889 116 1953 168 73

340 195 590 272 ’βόσκων
629 193 964 271 ἐπικούρους,
1007 195 1100 253 καὶ
1142 196 1339 276 γαμέει
1368 195 1612 274 Ὀλόρου
1646 201 1749 256 τοῦ
1783 197 1952 274 (Ξ·)ρηΐ--Ι

359 309 467 342 κων
494 281 774 358 βασιλέος
803 283 1078 363 θυγατέρα
1103 283 1523 365 Ἡγησιπύλην.
1608 282 1792 348 Οὗτος
1818 286 1878 344 δὲ
1918 283 1951 344 ὁ
1970 287 2049 344 40

361 370 617 446 Κίμωνος
664 370 980 448 Μιλτιάδης
1031 373 1233 432 νεωστὶ
1284 375 1388 449 μὲν
1434 363 1703 449 ἐληλύθεε
1750 378 1807 436 ἐς
1849 371 1955 449 τὴν

359 458 746 535 Χερσόνησον,
773 458 1167 536 κατελάμβανε
1193 459 1256 518 δέ
1278 486 1377 536 μιν
1404 460 1641 521 ἐλθόντα
1668 460 1822 520 ἅλλα
1846 464 1957 521 τῶν

361 545 704 626 κατεχόντων
727 547 1070 628 πρηγμάτων
1094 547 1477 627 χαλεπώτερα·
1508 551 1693 628 (τρίτῳ
1719 551 1823 627 μὲν
1846 549 1957 631 γάρ

361 635 469 695 ἔτεϊ
500 633 708 696 τούτων
737 635 955 699 Σκύθας
994 637 1212 716 ἔφευγε·
1255 636 1465 699 Σκύθαι
1503 637 1615 718 γὰρ
1642 640 1696 696 οἶ
1723 637 1957 714 νομάδες

361 724 736 801 ἐρεθισθέντες
759 721 870 782 fiad
896 724 1175 798 βασιλέος
1194 724 1433 800 Δαρείου
1460 723 1956 801 συνεστράφησαν,

361 810 455 868 καὶ
489 809 719 885 ἤλασαν
742 811 912 890 μέχρι
934 814 1036 886 τῆς
1060 811 1433 890 Χερσονήσου
1468 811 1689 889 ταύτης·
1730 811 1958 876 τούτους

364 897 618 962 ἐπιόντας
666 897 764 958 οὐκ
808 898 1109 976 ὑπομείνας
1156 898 1187 959 ὂ
1235 899 1551 975 Μιλτιάδης
1598 901 1797 980 ἔφευγε
1844 897 1957 960 άπό

351 984 808 1062 -Χερσονήσου,’
781 1013 836 1050 ες
873 1015 906 1046 ο
938 987 998 1046 οἵ
1021 1012 1085 1046 τε
1117 986 1329 1051 Σκύθαι
1366 985 1825 1066 ἀπαλλάχθησαν
1866 989 1963 1046 καί

360 1099 460 1152 μιν
487 1077 540 1133 οἱ
559 1075 854 1186 Δόλογκοι
887 1073 1205 1156 κατήγαγον
1236 1073 1461 1154 οπίσω·)
1532 1078 1725 1134 Ταῦτα
1755 1101 1859 1152 μεν
1890 1075 1956 1152 δή
1974 1076 2047 1134 41

363 1162 527 1242 τρίτῳ
555 1163 663 1221 ἔτει
689 1162 960 1242 πρότερον
987 1162 1237 1244 ἐγεγόνεε
1262 1166 1372 1222 τῶν
1402 1162 1531 1223 τότε
1565 1189 1663 1240 μιν
1700 1162 1957 1242 κατεχόν-

365 1276 489 1311 των·
530 1249 658 1312 τότε
701 1250 760 1310 δὲ
802 1250 1213 1327 πυνθανόμενος
1255 1250 1392 1310 εἶναι
1432 1277 1562 1314 τους
1602 1252 1858 1315 Φοίνικας
1902 1256 1960 1310 ἐν

367 1340 590 1419 Τενέδῳ,
633 1339 940 1417 πληρώσας
983 1338 1238 1416 τριήρεας
1284 1341 1447 1398 πέντε
1500 1338 1799 1418 χρημάτων
1850 1343 1960 1398 τῶν
2022 1329 2049 1367 ’·

369 1427 682 1504 παρεόντων
727 1426 974 1486 οἷπέπλεε
1027 1433 1082 1491 ἐς
1134 1427 1235 1490 τὰς
1286 1425 1543 1503 Ἀθήνας.
1629 1427 1721 1486 καὶ
1769 1426 1959 1504 ὥσπερ

372 1513 601 1590 ὁρμήθη
643 1520 704 1574 ἐκ
730 1515 974 1591 Καρδίης
998 1515 1215 1586 πόλιος,
1244 1517 1409 1574 ἔπλεε
1444 1515 1533 1574 διὰ
1568 1519 1670 1574 τοῦ
1697 1517 1962 1578 Μέλανος

373 1601 606 1661 κόλπου·
654 1603 1036 1680 παραμείβετό
1081 1628 1145 1663 τε
1190 1602 1295 1679 τήν
1340 1601 1709 1680 Χερσόνησον
1764 1605 1855 1662 καὶ
1908 1607 1963 1662 οὶ

374 1691 620 1753 Φοίνικές
645 1693 699 1751 οἱ
723 1690 1118 1768 περιπίπτουσι
1143 1695 1281 1771 τῇσι
1306 1691 1489 1767 νηυσί.
1572 1690 1736 1754 αύτός
1760 1693 1864 1767 μὲν
1891 1689 1962 1767 δὴ

375 1780 688 1855 Μιλτιάδης
713 1778 822 1839 σῦν
845 1782 982 1857 τῇσι
1005 1781 1287 1857 τέσσαρσι
1322 1783 1432 1840 τῶν
1464 1782 1599 1839 νεῶν
1626 1778 1963 1859 καταφεύγει

374 1872 430 1932 ἐς
453 1865 711 1947 Ἴμβρον,
748 1867 852 1943 τήν
895 1867 958 1927 δέ
997 1870 1051 1927 οἱ
1085 1868 1347 1946 πέμπτην
1385 1870 1495 1928 τῶν
1535 1871 1671 1928 νεῶν
1707 1870 1963 1927 κατεῖλον

373 1956 654 2021 διώκοντές
696 1959 750 2015 οἶ
792 1956 1058 2019 Φοίνικες.
1140 1960 1241 2032 τῆς
1288 1957 1347 2015 δὲ
1392 1956 1513 2020 νεός
1556 1955 1759 2031 ταύτης
1807 1956 1964 2033 ἔτυχε

372 2050 480 2106 τῶν
505 2045 828 2106 Μιλτιάδεω
864 2044 1074 2104 παίδων
1115 2043 1149 2103 ὁ
1188 2044 1582 2122 πρεσβύτατος
1618 2043 1801 2123 ἅρχων
1839 2050 1964 2119 Μη-

372 2134 572 2213 τίοχος,
602 2133 701 2192 οὔκ
735 2138 796 2192 ἐκ
831 2137 933 2208 τῆς
957 2130 1205 2209 Ὀλόρου
1244 2137 1344 2193 τοῦ
1376 2132 1615 2209 Θρήῖκος
1655 2131 1757 2192 ἐών
1798 2133 1964 2212 θυγα-
2019 2135 2024 2139 ’

371 2222 499 2299 τρὸς
525 2220 654 2280 ἀλλ’
683 2220 746 2289 ἐξ
769 2220 970 2297 ἄλλης·
1011 2219 1104 2279 καὶ
1129 2224 1329 2279 τοῦτον
1354 2219 1471 2297 ἅμα
1496 2224 1569 2299 τῇ
1598 2221 1686 2295 νηῒ
1720 2220 1873 2279 εἷλον
1914 2222 1967 2300 οἱ

374 2310 637 2379 Φοίνικές,
667 2309 762 2366 καί
793 2334 889 2384 μιν
923 2308 1229 2384 πυθόμενοι
1262 2308 1332 2371 ὥς
1370 2308 1451 2383 εἴη
1478 2308 1797 2367 Μιλτιάδεω
1835 2310 1967 2370 παῖς

376 2393 658 2476 ἀνήγαγον
688 2395 842 2472 παρὰ
866 2397 1136 2471 βασιλέα,
1166 2396 1445 2459 δοκέοντες
1479 2396 1683 2475 χάριτα
1713 2395 1967 2477 μεγάλην

379 2482 816 2559 καταθήσεσθαι·
857 2482 944 2543 ὅτι
971 2484 1038 2559 δή
1065 2484 1381 2559 Μιλτιάδης
1403 2484 1629 2565 γνώμην
1662 2483 1966 2553 ἀπεδέξατο

361 2578 446 2632 ἐν·
460 2575 612 2631 τοῖσι
631 2570 789 2631 Ἴωσι
815 2572 1110 2631 πείθεσθαι
1138 2572 1375 2631 κελεύων
1398 2576 1551 2631 τοῖσι
1579 2572 1847 2651 Σκύθῃσι,
1874 2572 1969 2631 ὅτε

376 2664 430 2721 οἱ
457 2658 670 2725 Σκύθαι
703 2659 1078 2737 προσεδέοντο
1113 2659 1400 2723 λύσαντας
1438 2660 1539 2735 τήν
1572 2661 1803 2739 σχεδίην
1830 2659 1967 2718 σ’,πο-

373 2749 568 2807 πλέειν
605 2752 660 2811 ἐς
691 2748 796 2825 τήν
828 2752 1056 2808 ἑωυτῶν.
1140 2752 1377 2825 Δαρεῖος
1418 2748 1493 2817 δὲ,
1523 2747 1593 2811 ὥς
1634 2752 1685 2807 οἱ
1722 2748 1968 2808 Φοίνικες

375 2837 671 2914 Μητίοχον
703 2835 802 2897 τόν
836 2835 1158 2895 Μιλτιάδεω
1194 2835 1490 2917 ἀνήγαγον,
1535 2838 1763 2911 ἐποίησε
1800 2834 1970 2893 κακὸν

373 2927 479 3001 μὲν
506 2922 662 2984 οῦδὲν
689 2924 983 3003 Μητίοχον
1010 2922 1197 3005 οἷγαθοὶ
1224 2924 1285 2982 δὲ
1310 2923 1513 3003 συχνά·
1556 2923 1649 2981 καὶ
1672 2923 1783 3004 γάρ
1817 2922 1969 2981 οἶκον

375 3013 468 3071 καὶ
513 3016 712 3087 κτῆσιν
755 3012 916 3071 ἔδωκε
960 3012 1050 3071 καὶ
1093 3012 1351 3088 Περσίδα
1384 3014 1633 3092 γυναῖκα,
1674 3015 1733 3068 ἐκ
1774 3014 1875 3084 τῆς
1916 3012 1969 3068 οἳ

375 3102 540 3161 τέκνα
567 3101 784 3181 ἐγένετο
809 3099 880 3159 τοὶ
909 3104 964 3162 ἐς
988 3101 1220 3177 Πέρσας
1262 3100 1648 3175 κεκοσμέαται.
1729 3096 1969 3156 Μιλτιά-
1993 3171 2002 3180 .
2036 3171 2045 3183 ⁸

369 3190 473 3265 ,δης
499 3188 560 3247 δὲ
587 3189 650 3259 ἐξ
662 3188 910 3265 Ἴμβρου
937 3187 1251 3247 ἀπικνέεται
1278 3194 1331 3249 ἐς
1357 3186 1455 3247 τσῖς
1480 3184 1737 3257 Ἀθήνας.

457 3278 574 3339 Καὶ
617 3275 770 3357 κατά·
797 3276 864 3337 τό
903 3276 1022 3337 ἔτος
1055 3280 1223 3335 τοῦτο
1261 3280 1321 3333 ἐκ
1359 3276 1471 3333 τῶν
1505 3271 1775 3347 Περσέων
1814 3270 1972 3332 οὐδὲν
1987 3272 2066 3331 42
