2259 3500
329 128 608 196 Ill—114]
968 130 1275 182 OTPANIA.
1826 131 1924 192 265

327 236 490 282 σατο,
517 212 700 291 λέγων
725 209 797 274 ὥς
823 214 871 271 εἰ
894 210 976 287 μή
1009 210 1257 271 δώσουσι
1282 210 1348 271 τό
1376 210 1709 287 αἰτεόμενον,
1738 210 1928 280 ἐπάξει

325 299 431 375 τήν
471 298 742 375 στρατιὴν
774 302 883 357 τῶν
921 297 1212 374 Ἑλλήνων
1252 298 1345 357 καὶ
1390 299 1732 375 πολιορκέων
1784 299 1928 368 ἐξαι-

326 387 511 464 ρήσει·
554 388 734 467 λέγων
765 384 840 445 ὧν
874 390 1066 456 ταῦτα,
1102 387 1372 466 συνέλεγε
1406 386 1669 465 χρήματα
1704 386 1929 466 μεγάλα

327 475 482 553 παρσῖ
524 473 858 552 Καρυστίων
895 499 958 533 τε
999 474 1092 532 καὶ
1131 474 1377 551 Παρίων·
1434 474 1487 534 οἳ
1526 472 1931 550 πυνθανόμενοι

328 588 432 639 την
469 588 532 622 τε
561 561 802 639 Ἀνδρον
843 588 914 625 ως
951 562 1341 639 πολιορκέοιτο
1382 560 1521 621 διότι
1556 561 1803 638 ἐμήδισε,
1838 562 1930 621 καὶ

331 650 724 727 Θεμιστοκλέα
751 648 823 712 ὥς
849 649 934 725 εἴη
961 654 1018 709 ἐν
1045 650 1171 728 αἴνῃ
1191 650 1433 729 μεγίστῃ
1452 675 1563 709 των
1582 654 1929 742 στρατηγῶν,

333 736 614 801 δείσαντες
646 740 839 806 ταῦτα,
869 738 1116 813 ἔπεμπον
1153 736 1434 814 χρήματα.
1518 740 1566 795 εἰ
1596 737 1657 795 δε
1694 738 1763 815 δή
1788 763 1931 801 τινες

336 825 428 883 καὶ
459 824 630 884 ἄλλοι
663 824 864 885 ἔδοσαν
900 824 1225 901 νησιωτέων,
1266 824 1365 883 οὐκ
1392 826 1500 904 ἔχω
1528 828 1717 885 εἰπεῖν·
1760 827 1931 885 δοκέω

335 911 400 970 δέ
421 938 573 976 τινας
600 912 693 970 καὶ
727 910 937 975 ἄλλους
969 912 1173 982 δοῦναι,
1202 912 1295 971 καὶ
1331 911 1397 972 οὗ
1422 910 1651 975 τούτους
1676 912 1930 990 μούνους·

338 1000 516 1059 καίτοι
543 1000 926 1077 Καρυστίοισί
937 1024 1006 1078 γε
1027 998 1184 1059 οὐδὲν
1208 1000 1407 1059 τούτου
1428 1000 1607 1059 εἵνεκα
1630 1004 1732 1061 τοῦ
1760 1004 1931 1061 κακοῦ

335 1086 632 1166 ὖπερβολή
663 1087 900 1169 ἐγένετο·
941 1086 1149 1164 Πάριοι
1176 1087 1235 1147 δὲ
1260 1088 1651 1163 Θεμιστοκλέα
1675 1088 1933 1167 χρήμασι

339 1176 670 1253 ἱλασάμενοι
705 1175 970 1254 διέφυγον
1003 1175 1070 1235 τό
1097 1176 1437 1253 στράτευμα.
1518 1177 1935 1254 Θεμιστοκλέης

336 1266 442 1341 μέν
493 1290 604 1334 νυν,
661 1263 724 1333 ἐξ
763 1262 1004 1340 Ἀνδρου
1057 1262 1419 1341 ὄρμεῶμενος,
1473 1265 1737 1344 χρήματα
1781 1265 1936 1341 παρὰ

338 1353 646 1427 νησιωτέων
673 1352 888 1411 ἐκτέετο
915 1350 1100 1428 λάθρη
1123 1356 1235 1412 τῶν
1260 1352 1461 1423 ἄλλων,
1477 1355 1823 1434 στρατηγῶν.

424 1443 497 1497 Οἱ
539 1439 586 1498 δ’
627 1438 779 1516 ἀμφὶ
822 1439 1032 1515 Ξέρξεα
1075 1438 1401 1517 ἐπισχόντες
1446 1439 1641 1520 ὀλίγας
1685 1440 1896 1517 ἡμέρας
1916 1442 2028 1499 113

340 1526 482 1603 μετὰ
527 1526 629 1602 τὴν
674 1528 1001 1606 ναυμαχίην,
1052 1526 1347 1595 ἐξὲλαυνον
1400 1532 1456 1590 ἐς
1506 1527 1783 1590 Bonan-0135·
1831 1527 1936 1603 τήν

343 1612 516 1689 αὐτήν
551 1612 698 1674 ὁδόν·
740 1614 891 1684 ἔδοξε
925 1614 1036 1695 γσῖρ
1065 1614 1159 1673 καὶ
1191 1615 1503 1694 Μαρδονίῳ,
1530 1614 1649 1690 ἅμα
1672 1616 1777 1691 μὲν
1801 1640 1935 1692 προ-

343 1701 562 1782 πέμψαι
587 1701 840 1779 βασιλέα
861 1701 978 1780 ἅμα
999 1703 1058 1762 δὲ
1078 1701 1315 1780 σῖνωρίην
1336 1702 1474 1764 εἶναι
1486 1707 1587 1764 τοῦ
1604 1702 1750 1766 ἔτεος
1769 1706 1937 1762 πολε-

343 1791 515 1869 μέειν·
555 1792 872 1871 χειμερίσαι
895 1816 958 1851 τε
983 1790 1209 1868 ἄμεινον
1246 1791 1384 1851 εἶναι
1410 1797 1467 1853 ἐν
1502 1791 1817 1868 Θεσσαλίῃ,
1846 1791 1937 1850 καὶ

346 1883 533 1940 ἔπειτα
572 1879 690 1957 ἅμα
728 1883 806 1959 τῷ
845 1881 962 1956 ἔαρι
1002 1879 1307 1957 πειρᾶσθαι
1340 1883 1440 1954 τῆς
1476 1879 1933 1954 Πελοποννήσου.

347 1967 417 2032 ὥς
436 1968 496 2028 δὲ
515 1967 751 2028 ἀπίκατο
778 1972 832 2031 ἐς
857 1967 962 2043 τήν
987 1967 1331 2043 Θεσσαλίην,
1361 1967 1597 2027 ἐνθαῦτα
1623 1966 1939 2043 Μαρδόνιος

346 2055 632 2138 ἐξελέγετο
658 2055 908 2134 πρώτους
943 2054 1069 2136 [μὲν
1107 2053 1363 2136 Πέρσας]
1388 2054 1599 2118 πάντας
1622 2055 1749 2119 τούς
1772 2053 1939 2114 Ἀθα-

345 2143 540 2209 νάτους
565 2142 948 2220 καλεομένους,
977 2143 1131 2219 πλὴν
1156 2143 1449 2220 ’Ὑδάρνεος
1473 2147 1575 2203 τοῦ
1601 2145 1940 2224 στρατηγοῦ·

347 2229 532 2310 (οὗτος
555 2231 666 2311 γὰρ
704 2230 802 2290 οὐκ
835 2231 946 2306 ἔφη
979 2231 1283 2309 λείψεσθαι
1312 2231 1633 2312 βασιλέος·)
1686 2231 1828 2307 μετὰ
1864 2230 1940 2299 δὲ,

346 2322 459 2378 τῶν
497 2317 688 2377 ἄλλων
731 2316 1000 2395 Περσέων
1041 2317 1174 2380 τούς
1222 2318 1665 2395 θωρηκοφόρους,
1710 2319 1802 2378 καὶ
1840 2317 1944 2393 τήν

351 2405 522 2465 ἵππον
562 2404 666 2480 τὴν
710 2406 920 2485 χιλίην·
979 2405 1072 2463 καὶ
1118 2404 1347 2480 Μήδους
1386 2431 1449 2465 τε
1487 2407 1577 2464 καὶ
1615 2405 1815 2474 Σάκας,
1854 2404 1947 2464 καὶ

350 2493 656 2570 Βακτρίους
697 2517 760 2552 τε
799 2493 900 2551 καὶ
943 2490 1168 2562 Ἰνδοῦς,
1218 2493 1309 2550 καὶ
1354 2492 1451 2554 τόν
1493 2493 1660 2564 πεζόν
1708 2493 1800 2551 καὶ
1843 2492 1947 2566 τήν

352 2579 544 2640 ἵππον.
611 2585 788 2640 ταῦτα
830 2581 934 2657 μὲν
981 2581 1141 2641 ἔθνεα
1192 2579 1304 2640 ὅλα
1356 2581 1557 2640 εἵλετο·
1626 2585 1686 2638 ἐκ
1734 2581 1793 2638 δὲ
1836 2583 1947 2638 τῶν

351 2667 542 2727 ἄλλων
563 2667 876 2747 συμμάχων
896 2667 1182 2749 ἐξελέγετο
1210 2667 1326 2727 κατ’
1354 2667 1595 2749 ὀλίγους,
1622 2671 1777 2726 τοῖσι
1804 2665 1947 2724 εἴδεά

349 2780 412 2816 τε
437 2755 655 2836 ὖπῆρχε
681 2754 954 2837 διαλέγων
983 2757 1074 2814 καὶ
1093 2759 1141 2814 εἷ
1159 2754 1346 2816 τέοισί
1359 2780 1415 2814 τι
1433 2753 1684 2834 χρηστὸν
1704 2753 1948 2812 συνείδεε

353 2844 741 2920 πεποιημένον.
801 2849 859 2903 ἐν
879 2843 952 2915 δὲ,
977 2846 1251 2902 πλεῖστον
1280 2843 1433 2905 ἔθνος
1459 2841 1690 2918 Πέρσας
1716 2839 1947 2918 αἱρέετο,

353 2930 555 3008 ἄνδρας
580 2930 1036 3008 στρεπτοφόρους
1075 2957 1138 2991 τε
1179 2930 1271 2988 καὶ
1308 2929 1703 3008 ψελιοφόρους·
1746 2929 1837 2986 ἐπὶ
1872 2927 1945 3002 δὲ,

353 3018 602 3095 Μήδους·
643 3016 820 3099 (οὗτοι
853 3018 911 3076 δὲ
947 3019 1168 3094 πλῆθος
1202 3020 1307 3095 μὲν
1341 3016 1441 3077 οὐκ
1470 3016 1777 3079 ἐλάσσονες
1801 3014 1951 3091 ἦσαν

352 3111 472 3166 τῶν·
507 3107 776 3184 Περσέων
808 3105 966 3184 ῥώμῃ
1007 3106 1067 3164 δὲ
1109 3105 1385 3185 ἔσσονες·)
1440 3103 1585 3163 ὥστε
1625 3104 1955 3180 σύμπαντας

353 3193 652 3274 τριήκοντα
676 3193 946 3272 μυριάδας
970 3193 1237 3273 γενέσθαι
1263 3191 1371 3252 σῦν
1398 3194 1647 3252 ἱππεῦσι.

433 3283 533 3346 Ἐν
559 3285 620 3344 δὲ
642 3283 819 3363 τούτῳ
843 3284 920 3361 τῷ
945 3279 1146 3360 χρόνῳ,
1174 3285 1231 3340 ἐν
1261 3284 1338 3358 τῷ
1370 3278 1685 3356 Μαρδόνιός
1718 3306 1781 3342 τε
1810 3279 1914 3356 τήν
1933 3281 2037 3340 114⁴
