2259 3500
295 151 364 207 72
914 146 1279 198 ·Ηι>οΔο·1·ο·]τι
1776 144 1903 209 [VI.

307 236 361 292 οἶ
386 229 761 309 Λαμψακηνοὶ
801 227 1154 307 λοχήσαντες
1195 227 1445 302 αἱρέουσι
1478 226 1699 307 ζωγρίῃ·
1742 224 1811 302 ἦν
1848 227 1908 286 δὲ

308 319 340 379 ὁ
381 317 698 393 Μιλτιάδης
731 317 962 393 Κροίσῳ
999 318 1076 392 τῷ
1117 313 1279 391 Λυδῷ
1319 317 1377 372 ἐν
1418 312 1610 393 γνώμῃ
1646 313 1905 392 γεγονώς·

311 407 623 482 πυθόμενος
651 404 724 463 ὧν
751 404 781 462 ὁ
811 406 1062 481 Κροῖσος
1086 405 1279 470 ταῦτα,
1306 402 1539 477 πέμπων
1565 401 1909 480 προηγόρευε

305 499 458 554 τοῖσι
500 495 936 570 Λαμψακηνοῖσι
972 491 1217 568 μετιέναι
1255 487 1589 548 Μιλτιάδεα·
1634 492 1683 546 εἰ
1716 487 1775 546 δὲ
1808 491 1906 565 μὴ,

308 583 493 658 σφέας
534 583 727 643 πίτυος
767 577 977 657 τρόπον
1019 577 1247 637 ἀπείλεε
1282 577 1573 654 ἐκτρίψειν·
1616 579 1905 654 πλανωμέ-

309 697 416 730 νων
452 670 512 729 ὃὲ
547 673 656 728 τῶν
683 671 1078 746 Λαμψακηνῶν
1107 671 1165 724 ἐν
1191 668 1345 725 τοῖσι
1382 664 1625 744 λόγοισι,
1653 664 1719 724 τό
1756 665 1914 731 θέλει,

305 759 373 818 ard
401 759 530 821 ἔπος
559 756 698 816 εἶναι
721 755 789 816 τό
817 761 930 831 σφι
969 753 1280 828 ἀπειλησεν
1306 753 1338 812 ὁ
1366 755 1632 830 Κροῖσος,
1663 762 1698 788 “
1714 753 1908 816 πίτυος

305 845 514 923 τρόπον
540 843 866 922 ἐκτρίψειν,”
892 843 1058 924 μόγις
1085 844 1212 901 κοτὲ
1242 841 1435 920 μαθῶν
1474 844 1585 900 τῶν
1616 867 1701 904 τις
1735 866 1907 918 πρεσ-

308 935 560 1011 βυτέρων
594 932 714 991 εἶπε
758 931 824 992 τό
870 931 977 999 ἐόν,
1017 929 1104 989 ὅτι
1135 930 1297 991 πίτυς
1331 927 1509 1004 μούνη
1540 928 1760 988 πάντων
1794 928 1906 988 δεν-

308 1022 476 1100 δρέων
503 1024 806 1080 ἐκκοπεῖσα
830 1019 1098 1096 βλαστόν
1121 1017 1316 1076 οὐδένα
1342 1017 1533 1092 μετίει,
1556 1015 1709 1075 οἷλλοῖ
1729 1017 1907 1077 πανώ-

308 1111 509 1186 λεθρος
552 1106 950 1178 ἐξαπόλλυται·
998 1106 1279 1167 δείσαντες
1316 1103 1389 1164 ὧν
1436 1107 1489 1164 οἶ
1532 1105 1907 1182 Λαμψακηνοὶ

213 1201 290 1258 38
310 1201 580 1275 Κροῖσον,
607 1195 880 1257 λύσαντες
905 1198 1150 1271 μετῆκαν
1178 1191 1513 1251 Μιλτιάδεα.
1599 1191 1782 1254 Οὗτος
1805 1195 1909 1269 μὲν

309 1285 375 1361 δή
419 1285 510 1344 δισῖ
549 1286 803 1361 Κροῖσον
847 1280 1123 1361 ἐκφεύγει·
1166 1279 1309 1357 μετὰ
1351 1280 1426 1351 δὲ,
1464 1282 1698 1358 τελευτᾷ
1742 1280 1909 1344 ἄπαις

306 1373 412 1449 τήν
448 1371 628 1451 ἀρχήν
653 1396 714 1431 τε
745 1370 836 1429 καὶ
860 1368 932 1430 τὰ
959 1369 1223 1448 χρήματα
1258 1367 1539 1446 παραδοῧς
1566 1367 1907 1449 Στησαγόρῃ

307 1466 384 1540 τῷ
411 1462 668 1539 Κίμωνος
695 1458 976 1534 ἅδελφεοῧ
1001 1457 1158 1517 παιδὶ
1191 1456 1554 1534 ὁμομητρίου·
1597 1457 1692 1515 καί
1730 1459 1785 1516 οἶ
1820 1483 1906 1516 τε-

309 1549 644 1625 λευτήσαντι
671 1549 1090 1624 Χερσονησῖται
1119 1545 1333 1618 θύουσι,
1366 1543 1436 1607 ὥς
1463 1543 1632 1620 νόμος
1668 1547 1904 1622 οἰκιστῇ,

309 1639 402 1696 καὶ
441 1637 630 1718 ἀγῶνα
669 1634 894 1695 ἱππικόν
928 1659 990 1692 τε
1027 1634 1118 1692 καὶ
1149 1632 1420 1715 ,γυμνικόν
1454 1635 1722 1691 ἐπισπᾶσι
1752 1636 1809 1690 ἐν
1831 1637 1908 1711 τῷ

306 1729 702 1805 Λαμψακηνῶν
747 1723 924 1784 οὐδενὶ
966 1721 1240 1804 ἐγγίνεται
1283 1720 1667 1802 ἀγωνίζεσθαι.
1738 1719 1906 1779 πολέ-

306 1842 416 1891 μου
458 1815 518 1874 δὲ
549 1814 734 1877 ἐόντος
767 1812 909 1889 πρός
941 1808 1374 1889 Λαμψακηνούς,
1416 1809 1507 1868 καὶ
1538 1808 1907 1888 Στησαγόρεα

309 1904 593 1977 κατέλαβε
628 1901 926 1960 ἀποθανεῖν
953 1898 1179 1968 ἄπαιδα,
1208 1898 1497 1979 πληγέντα
1520 1895 1624 1971 τὴν
1650 1896 1907 1971 κεφαλὴν

308 1991 530 2048 πελέκεϊ
558 1994 616 2047 ἐν
639 1992 716 2065 τῷ
741 1986 1054 2065 πρυτανηίῳ
1081 1987 1223 2063 πρὸς
1245 1984 1444 2063 ἅνδρός
1464 1982 1785 2061 αὐτομόλου
1803 1986 1908 2060 μὲν

221 2076 226 2079 ’
307 2080 384 2155 τῷ
414 2076 566 2157 λόγῳ
599 2075 873 2151 πολεμίου
907 2073 966 2133 δὲ
999 2073 1090 2133 καὶ
1120 2073 1569 2151 ὑποθερμοτέρου
1594 2074 1671 2152 τῷ
1700 2072 1860 2153 ἔργῳ.

215 2167 290 2223 39
389 2162 840 2237 Τελευτήσαντος
867 2162 925 2220 δὲ
963 2162 1053 2219 καὶ
1087 2162 1461 2243 Στησαγόρεω
1487 2161 1674 2242 τρόπῳ
1698 2160 1905 2240 τοιῷδε,

312 2251 549 2310 ἐνθαῦτα
593 2249 912 2310 Μιλτιάδεα
957 2250 1058 2310 τόν
1104 2250 1380 2326 Κίμωνος,
1432 2248 1806 2329 Στησαγόρεω
1848 2249 1908 2308 δὲ

309 2342 409 2397 τοῦ
455 2337 894 2413 τελευτήσαντος
940 2337 1235 2414 οἷδελφεόν,
1289 2335 1797 2413 καταλαμψόμενον
1835 2336 1908 2397 τιὶ

308 2425 612 2506 πρήγματα
661 2426 751 2485 ἐπὶ
796 2425 1171 2503 Χερσονήσου
1216 2423 1646 2484 ἀποστέλλουσι
1696 2423 1910 2502 τριήρεϊ

310 2517 364 2574 οἱ
390 2516 874 2593 Πεισιστρατίδαι·
917 2514 977 2572 οἶ
1012 2539 1110 2591 μιν
1148 2514 1237 2572 καὶ
1275 2518 1333 2571 ἐν
1371 2510 1649 2590 Ἀθήνῃσι
1692 2512 1910 2571 ἐποίευν

311 2600 387 2671 εὖ,
437 2601 508 2664 ὥς
555 2600 620 2661 οὗ
670 2602 981 2664 συνειδότες
1033 2601 1201 2676 δῆθεν
1245 2602 1348 2661 τοῦ
1393 2601 1606 2677 πατρὸς
1651 2599 1909 2676 Κίμωνος

311 2688 482 2749 αὐτοῦ
508 2688 606 2749 vav
635 2689 888 2760 θάνατον,
915 2689 1015 2749 τόν
1043 2688 1151 2769 ἐγὼ
1180 2693 1237 2747 ἐν
1265 2686 1425 2767 ἄλλῳ
1455 2689 1607 2768 λόγῳ
1647 2688 1909 2764 σημανέω

311 2776 382 2840 ὥς
413 2778 650 2857 ἐγένετο.
734 2776 1050 2853 Μιλτιάδης
1077 2776 1137 2835 δὲ
1170 2775 1503 2851 ἀπικόμενος
1545 2778 1599 2838 ἐς
1638 2775 1741 2849 τὴν
1767 2780 1907 2851 Χερ-

312 2865 562 2941 σόνησον
591 2866 706 2946 εἶχε
734 2864 851 2925 κατ’
881 2865 1080 2934 οἴκους,
1107 2863 1207 2923 τᾶν
1234 2863 1512 2939 ἀδελφεὰν
1542 2862 1908 2944 Στησαγόρεα

277 2996 290 3009 .
311 2953 525 3030 δηλαδὴ
553 2955 864 3030 ἐπιτιμέων·
905 2956 960 3013 οἱ
987 2954 1046 3012 δὲ
1065 2955 1485 3029 Χερσονησῖται
1506 2950 1909 3025 πυνθανόμενοι

310 3046 501 3112 ταῦτα,
547 3042 972 3122 συνελέχθησαν
1020 3039 1132 3100 α’,πό
1176 3040 1401 3099 πασέων
1447 3044 1556 3099 τῶν
1600 3039 1814 3097 πολίων
1856 3040 1909 3097 οἶ

311 3129 733 3194 δυναστεύοντες
757 3130 1052 3191 πάντοθεν·
1094 3132 1257 3207 κοινῷ
1284 3128 1343 3187 δὲ
1370 3128 1561 3207 στόλῳ
1582 3125 1908 3201 α’πικόμενοι

315 3216 383 3279 ὥς
413 3218 1005 3296 συλλυπηθησόμενοι,
1045 3218 1318 3293 ἐδέθησαν
1357 3215 1450 3276 ὕπ’
1483 3214 1673 3276 αὐτοῦ.
1758 3214 1906 3269 Μιλ-

311 3302 496 3377 *ruffine
536 3332 598 3364 τε
640 3306 710 3381 δὴ
746 3308 898 3385 ἴσχει
935 3307 1042 3381 τὴν
1076 3304 1465 3383 Χερσόνησον,
1506 3296 1901 3361 πεντακοσίους
