2259 3500
329 70 423 118 290
934 65 1296 116 ·11POA0·101·
1788 65 1915 131 [IX.

327 148 805 225 τοπεδευομένους,
833 148 1179 225 φρασθέντες
1218 146 1279 207 δὲ
1311 150 1481 207 τοῦτο
1506 148 1919 207 ἀντετάσσοντο

231 238 312 297 20
330 239 422 296 ἐπὶ
455 241 556 313 τῆς
582 236 850 313 ὖπωρείης
893 240 994 295 τοῦ
1043 237 1404 312 Κιθαιρῶνος.
1486 233 1805 311 Μαρδόνιος
1842 234 1917 305 δὲ,

331 323 402 389 ὥς
429 324 492 385 οὗ
513 325 843 400 κατέβαινον
865 328 917 383 οἱ
931 322 1211 399 Ἕλληνες
1238 328 1292 388 ἐς
1316 322 1384 382 τό
1403 322 1609 394 πεδίον,
1630 322 1839 398 πέμπει
1865 327 1919 386 ἐς

330 412 527 477 αὐτοῦς
563 418 757 473 πᾶσαν
790 413 894 489 τὴν
932 414 1118 483 ἵππον,
1146 416 1247 488 τῆς
1279 411 1551 490 ἱππάρχεε
1578 412 1917 481 Μασίστιος,

329 502 656 579 εὐδοκιμέων
681 500 834 577 παρὰ
854 502 1135 579 Πέρσῃσι,
1160 501 1282 581 (τὸν
1297 499 1576 574 Ἕλληνες
1604 500 1921 560 Μακίστιον

330 590 638 671 καλέουσί,)
681 590 854 649 ἵππον
895 591 1033 667 ἔχων
1086 592 1348 657 Νισαῖον,
1395 585 1815 665 χρυσοχάλινόν
1857 613 1919 647 τε

331 679 424 737 καὶ
459 677 647 741 ἄλλως
684 678 1100 754 κεκοσμημένον
1139 681 1340 738 καλῶς·
1382 676 1617 736 ἐνθαῦτα
1643 674 1714 738 ὥς
1745 701 1917 750 προσ-

327 765 554 842 ήλασαν
586 769 640 825 οἱ
676 764 910 827 ἱππόται
939 765 1078 842 πρός
1111 764 1242 828 τούς
1258 763 1559 839 Ἕλληνας,
1592 764 1918 841 προσέβαλ-

329 859 435 913 λον
465 853 606 914 κατσῖ
645 854 830 912 τέλεα·
883 852 1357 929 προσβάλλοντες
1398 851 1457 909 δὲ
1505 848 1647 909 κακά
1696 851 1921 931 μεγάλα

235 942 308 999 21
331 940 642 1022 ἐργάζοντο,
685 942 777 1000 καὶ
815 939 1078 1021 γυναικάς
1117 946 1301 1015 σφεας
1346 938 1671 998 απεκάλεον.
1759 937 1921 999 Κατα

330 1030 632 1108 συντυχίην
664 1030 723 1088 δὲ
759 1030 1044 1109 Μεγαρέες
1083 1030 1279 1106 ἔτυχον
1314 1024 1684 1107 ταχθέντες
1642 1053 1682 1105 ῃ
1712 1026 1779 1086 τό
1807 1032 1921 1086 ἐπι-

325 1141 657 1195 μαχωτατον
695 1113 764 1191 ἦν
816 1119 916 1175 τοῦ
966 1118 1171 1193 χωρίου
1220 1115 1444 1179 παντός·
1506 1114 1599 1173 καὶ
1644 1113 1922 1191 πρόσοδος

327 1203 582 1279 μάλιστα
613 1202 786 1281 ταύτῃ
825 1202 1035 1283 ἐγίνετο
1059 1207 1132 1281 τῇ
1161 1203 1328 1282 ἵππω·
1370 1202 1889 1280 προσβαλούσης’
1850 1230 1924 1265 ων

327 1293 430 1365 τῆς
455 1291 644 1361 ἵππου,
672 1294 726 1349 οἱ
753 1290 1039 1371 Μεγαρέες
1063 1290 1379 1368 πιεζόμενοι
1406 1292 1651 1367 ἔπεμπον
1678 1291 1770 1349 ἐπὶ
1795 1291 1924 1354 τούς

327 1376 679 1459 στρατηγοῧς
707 1383 818 1439 τῶν
851 1378 1140 1455 Ἑλλήνων
1172 1378 1399 1457 κήρυκα·
1442 1378 1773 1457 ἀπικόμενος
1805 1380 1865 1439 δὲ
1888 1378 1923 1439 ὅ

335 1465 510 1543 κη’ρυξ
531 1466 672 1542 πρὸς
705 1465 904 1529 αὐτοῦς
931 1467 1088 1547 ἔλεγε
1113 1468 1264 1528 τάδε·
1306 1477 1341 1503 “
1358 1467 1642 1547 Μεγαρέες
1668 1467 1920 1547 λέγουσι·

327 1553 504 1630 ἡμεῖς,
531 1554 723 1633 ἄνδρες
762 1554 1071 1635 σύμμαχοι,
1103 1555 1169 1615 οὗ
1208 1556 1434 1614 δυνατοί
1470 1560 1619 1631 εἰμεν
1642 1554 1746 1631 τήν
1780 1561 1921 1632 Περ-

329 1644 474 1703 σέων
509 1643 680 1705 ἶππον
711 1643 970 1705 δέκεσθαι
1005 1648 1217 1720 μοῦνοι,
1248 1645 1463 1723 ἔχοντες
1489 1642 1695 1703 στάσιν
1720 1643 1924 1719 ταύτην

330 1734 386 1794 ἐς
417 1731 520 1809 τήν
556 1733 796 1810 ἔστημεν
831 1730 1031 1811 ἀρχήν·
1072 1730 1229 1792 άλλοὶ
1254 1733 1345 1792 καὶ
1373 1738 1427 1796 ἐς
1450 1732 1577 1792 τόδε
1601 1732 1837 1812 λιπαρίῃ
1862 1759 1925 1792 τε

331 1820 422 1878 καὶ
457 1819 631 1900 άρετῇ
667 1820 986 1900 ἀντέχομεν,
1016 1821 1214 1897 καίπερ
1240 1819 1601 1897 πιεζεύμενοι·
1642 1824 1741 1880 νῦν
1767 1844 1843 1892 τε,
1876 1823 1924 1879 εἰ

328 1907 411 1983 μή
434 1933 586 1971 τινας
609 1907 820 1970 ἄλλους
847 1908 1094 1986 πέμψετε
1119 1908 1411 1987 διαδόχους
1434 1911 1535 1984 τῆς
1558 1907 1762 1979 τάξιος,
1799 1909 1923 1967 ἴστε

328 1995 503 2071 ἡμέας
534 1997 891 2074 ἐκλείψοντας
923 1994 1027 2070 τὴν
1055 1994 1265 2066 τάξιν.”
1306 1996 1340 2056 ὁ
1370 1999 1474 2073 μὲν
1507 1994 1577 2069 δή
1610 2003 1723 2072 σφι
1747 2000 1923 2055 ταῦτα

330 2081 657 2164 ἀπήγγειλε·
699 2083 1027 2159 Παυσανίης
1051 2083 1112 2142 δὲ
1136 2082 1476 2160 ἀπεπειρᾶτο
1492 2088 1601 2143 τῶν
1616 2083 1921 2160 Ἑλλήνων,

337 2170 389 2228 εἴ
423 2196 565 2233 τινες
606 2170 850 2230 ἐθέλοιεν
889 2169 1060 2230 ἄλλοι
1101 2171 1391 2232 ἐθελονταὶ
1432 2171 1567 2231 ἰέναι
1616 2197 1680 2231 τε
1727 2176 1781 2234 ἐς
1823 2169 1924 2232 τᾶν

333 2262 518 2337 χῶρον
547 2260 764 2326 τοῦτον,
802 2260 894 2317 καὶ
927 2257 1250 2321 τάσσεσθαι
1286 2259 1536 2338 διάδοχοι
1574 2263 1921 2340 Μεγαρεῦσι·

331 2343 397 2404 οὗ
419 2346 784 2421 βουλομένων
810 2345 870 2405 δὲ
894 2349 1004 2406 τῶν
1029 2345 1235 2418 ἄλλων,
1261 2345 1549 2422 Ἀθηναῖοι
1574 2346 1922 2417 ὑπεδέξαντο,
1963 2387 1967 2392 ·

331 2431 422 2491 καὶ
456 2431 760 2509 Ἀθηναίων
799 2437 853 2493 οἱ
885 2433 1198 2511 τριηκόσιοι
1231 2433 1469 2516 λογάδες
1504 2438 1615 2494 τῶν
1655 2433 1925 2513 ἐλοχήγεε

235 2521 313 2580 22
328 2519 785 2599 Ὀλυμπιόδωρος
837 2520 870 2582 ὁ
920 2521 1252 2600 Λάμπωνος.
1336 2520 1510 2582 Οὗτοι
1558 2520 1711 2598 ἦσαν
1755 2521 1817 2580 οἴ
1861 2547 1924 2581 τε

329 2607 739 2686 ὑποδεξάμενοι,
775 2609 867 2668 καὶ
894 2613 947 2667 οἶ
973 2609 1083 2687 πρὸ
1111 2613 1223 2670 τῶν
1248 2608 1440 2670 ἄλλων
1465 2613 1575 2670 τῶν
1610 2607 1923 2686 παρεόντων

326 2695 616 2773 Ἑλλήνων
641 2700 696 2760 ἐς
713 2696 988 2774 Ἐρυθραῖς
1011 2698 1324 2775 ταχθέντες,
1351 2696 1478 2760 τούς
1496 2695 1729 2767 τοξότας
1746 2721 1925 2774 προσ-

329 2783 605 2861 ελόμενοι·
657 2784 988 2862 μαχομένων
1029 2784 1092 2844 δέ
1129 2789 1323 2859 σφεων
1363 2785 1455 2844 ἐπὶ
1495 2784 1716 2863 χρόνον,
1762 2784 1927 2846 τέλος

328 2871 542 2932 τοιόνδε
595 2872 811 2952 ἐγένετο
861 2875 964 2946 τῆς
1014 2870 1220 2950 μάχης·
1278 2871 1774 2949 προσβαλλούσης
1823 2875 1928 2948 τῆς

331 2958 503 3018 ἵππου
531 2984 671 3018 κατα
692 2959 873 3030 τέλεα,
905 2985 936 3016 o
965 2958 1296 3018 Μασιστίου
1320 2959 1573 3039 προέχων
1597 2963 1708 3020 τῶν
1734 2958 1928 3020 ἄλλων

313 3043 500 3107 ἵππος
533 3046 819 3120 βάλλεται
853 3043 1151 3121 τοξεύματι
1180 3070 1253 3105 τα
1286 3047 1519 3123 πλευρά·
1560 3045 1822 3126 ἀλγήσας
1848 3046 1926 3119 δὲ,

329 3130 562 3190 ἵσταταί
603 3156 666 3191 τε
711 3131 878 3208 ὁρθός
923 3132 1016 3190 καὶ
1057 3131 1382 3194 ἀποσείεται
1425 3135 1525 3195 τόν
1578 3136 1926 3196 Μασίστιον·

287 3283 292 3288 ,
317 3214 568 3276 ,πεσόντι
597 3216 658 3275 δὲ
695 3216 844 3294 αὐτῷ
879 3221 935 3276 οἱ
967 3216 1257 3292 Ἀθηναῖοι
1278 3219 1475 3280 αὐτίκα
1501 3223 1784 3281 ἐπεκέατο·
1826 3219 1930 3282 τόν
