2259 3500
308 86 403 134 238
773 68 828 116 ⁰
915 85 1284 135 ἭΡοΔοΤυΤ
1718 81 1905 147 [vm.

303 165 570 246 γομένων,
613 163 856 240 ἐλήλυθε
901 162 1042 241 ἀνὴρ
1087 162 1385 239 Ἀθηναῖος
1424 162 1721 245 ἀγγέλλων
1758 162 1913 239 ἥκειν

305 251 406 313 τόν
446 252 749 330 βάρβαρον
789 257 844 315 ἐς
886 251 990 328 τὴν
1029 250 1307 327 Ἀττικὴν,
1352 251 1445 309 καὶ
1496 255 1691 311 πᾶσαν
1738 249 1913 327 αὐτὴν

305 341 747 418 πυρπολέεσθαι.
848 338 882 399 ό
934 339 1044 420 γάρ
1109 339 1200 398 διὰ
1255 342 1509 398 Βοιωτῶν
1566 338 1913 415 τραπόμενος

307 428 552 505 στρατός
580 426 700 504 ἅμα
733 428 931 506 Ξέρξῃ,
964 427 1259 505 ἐμπρήσας
1290 427 1579 485 Θεσπιέων
1613 425 1717 501 τήν
1742 425 1913 485 πόλιν

309 515 486 574 αὐτῶν
546 514 952 575 ἐκλελοιπότων
1011 519 1066 577 ἐς
1134 513 1595 589 Πελοπόννησον,
1654 514 1745 571 καὶ
1811 513 1915 588 τὴν

309 604 640 663 Πλαταιέων
695 602 970 672 ωσαύτως,
1013 599 1118 677 ηκέ
1157 627 1221 661 τε
1266 607 1321 665 ἐς
1372 627 1472 663 τας
1523 599 1767 675 Ἀθήνας
1823 602 1911 659 καὶ

308 690 490 751 πάντα
533 695 712 751 ἐκεῖνα
753 691 954 767 ἐδηιου·
1011 692 1285 766 ἐνέπρησε
1323 689 1384 748 δὲ
1424 687 1679 747 Θέσπιαν
1718 714 1780 747 τε
1822 689 1914 747 καὶ

307 778 610 840 Πλάταιαν
653 778 966 855 πυθόμενος
1017 778 1287 853 Θηβαίων
1340 775 1428 835 ὅτι
1481 774 1581 835 οὐκ
1636 774 1911 851 ἐμήδιζον.

211 869 285 925 51
305 866 452 927 'An-6
499 867 560 926 δὲ
603 870 705 943 τῆς
757 866 1057 943 διαβάσιος
1107 870 1210 925 τοῦ
1255 863 1705 939 Ἑλλησπόντου,
1762 865 1915 924 ἔνθεν

307 954 650 1032 πορεύεσθαι
685 953 924 1030 ἤρξαντο
957 956 1010 1012 οἶ
1041 952 1348 1029 βάρβαροι,
1382 953 1477 1012 ἕνα
1508 950 1678 1010 αὐτοῦ
1712 951 1915 1029 διατρί-

310 1050 512 1119 ψαντες
554 1044 722 1118 μῆνα,
767 1046 826 1100 ἐν
866 1044 944 1119 τῷ
985 1040 1269 1115 διέβαινον
1310 1046 1365 1102 ἐς
1402 1038 1505 1115 τήν
1540 1038 1828 1116 Εὐρώπην,
1858 1045 1917 1098 ἐν

249 1162 272 1175 x
307 1130 463 1205 τρισὶ
501 1130 739 1204 ἑτέροισι
771 1127 974 1203 μήνεσι
1011 1127 1265 1207 ἐγένοντο
1302 1131 1361 1186 ἐν
1386 1130 1458 1204 τῇ
1483 1126 1727 1205 Ἀττικῇ,
1757 1132 1916 1186 Καλ-

308 1214 512 1274 λιάδεω
544 1214 814 1293 ἄρχοντος
837 1214 1206 1289 Ἀθηναίοισι.
1292 1214 1385 1271 καὶ
1420 1214 1671 1290 αἱρέουσι
1708 1218 1917 1291 ε’ρῆμσν

308 1303 374 1363 τὸ
400 1329 562 1375 αστυ,
596 1303 692 1361 καί
714 1328 866 1365 τινας
891 1301 1118 1382 ολίγους
1140 1300 1464 1379 εὖρίσκουσι
1482 1305 1591 1361 τῶν
1610 1301 1917 1412 Ἀθηναίων

311 1394 370 1449 ἐν
407 1394 486 1469 τῷ
527 1394 624 1469 ϊρῶ
665 1390 872 1459 ἐόντας,
899 1390 1101 1465 ταμίας
1140 1416 1203 1449 τε
1242 1415 1343 1450 του
1382 1416 1503 1466 ιρου
1546 1390 1638 1447 καὶ
1678 1391 1916 1465 πένητας

309 1476 651 1556 ἀνθρωπους·
693 1504 748 1536 οι
745 1477 1138 1589 φραξαμενοι
1154 1478 1258 1554 τήν
1290 1468 1600 1555 ακρόπολιν
1628 1476 1836 1557 θυρῃσί
1854 1504 1917 1539 τε

311 1567 406 1625 καὶ
439 1566 679 1636 ξύλοισι,
723 1565 998 1643 ἠμύνοντο
1039 1593 1169 1629 τους
1209 1566 1479 1635 ἐπιόντας,
1525 1591 1641 1641 αμα
1680 1569 1785 1641 μὲν
1822 1566 1915 1625 ὑπ’

311 1653 573 1731 ασθενίης
609 1656 746 1731 βίου
783 1681 882 1714 ουκ
909 1654 1327 1733 ἐκχωρήσαντες
1354 1658 1409 1717 ἐς
1436 1654 1749 1730 Σαλαμῖνα,
1778 1654 1918 1733 πρὸς

311 1740 372 1801 δὲ
405 1744 496 1802 καὶ
533 1741 692 1804 αὐτοὶ
729 1742 1008 1806 δοκέοντες
1050 1742 1395 1819 ἐξευρηκέναι
1434 1741 1501 1802 τό
1541 1742 1810 1819 μαντήϊον
1848 1744 1915 1804 τὸ

309 1829 350 1906 ἦ
389 1833 578 1908 Πυθίη
621 1838 734 1908 σφι
774 1831 995 1908 ἔχρησε,
1037 1831 1104 1891 τὰ
1148 1831 1371 1900 ξύλινον
1408 1834 1597 1910 τεῖχος
1628 1829 1914 1892 ἀνάλωτον

313 1919 563 1988 ἔσεσθαι,
614 1916 750 1977 αὐτὰ
777 1917 845 1992 δὴ
881 1923 1048 1977 τοῦτο
1082 1917 1223 1977 εἶναι
1254 1917 1321 1978 τὰ
1351 1917 1744 1999 κρησφύγετον
1774 1919 1917 1980 κατσῖ

216 2005 377 2064 52τό
429 2005 714 2082 μαντήϊον,
772 2005 864 2062 καὶ
917 2003 982 2063 οὗ
1035 2003 1137 2068 τὰς
1199 2009 1353 2081 νῆας.
1457 2009 1533 2065 Οἱ
1585 2005 1643 2064 δὲ
1695 2007 1919 2083 Πέρσαι

315 2092 555 2168 ἱζόμενοι
597 2093 690 2151 ἐπὶ
731 2091 830 2152 τόν
873 2093 1164 2152 καταντίον
1203 2097 1304 2169 τῆς
1346 2092 1685 2170 οἷκροπόλιος
1724 2093 1914 2173 ὄχθον,

313 2180 414 2238 τὸν
438 2179 726 2254 Ἀθηναῖοι
763 2181 1032 2240 καλέουσι
1063 2178 1294 2257 Ἀρήϊον
1329 2182 1529 2262 πάγον,
1560 2181 1918 2260 ἐπολιόρκεον

311 2266 524 2344 τρόπον
574 2267 806 2327 τοιόνδε·
861 2268 1000 2332 ὅκως
1042 2273 1310 2329 στυπεῗον
1351 2271 1479 2346 περὶ
1520 2270 1649 2332 τούς
1694 2269 1919 2334 ὀϊστοῧς

311 2355 626 2430 περιθέντες
659 2355 876 2433 ἅψειαν,
916 2355 1170 2425 ἐτόξευον
1196 2361 1251 2419 ἐς
1286 2355 1353 2416 τό
1382 2356 1641 2437 φράγμα·
1683 2359 1919 2418 ἐνθαῦτα

311 2440 620 2516 Ἀθηναίων
647 2446 702 2502 οἱ
727 2442 1187 2520 πολιορκεόμενοι
1216 2443 1363 2520 ὅμως
1396 2443 1689 2520 ἠμύνοντο,
1720 2446 1917 2523 καίπερ

315 2533 370 2592 ἐς
393 2529 460 2590 τό
489 2530 732 2608 ἔσχατον
765 2535 935 2590 κακοῦ
981 2530 1296 2611 ἀπιγμένοι,
1318 2533 1423 2591 ’καὶ
1454 2537 1554 2591 τοῦ
1588 2532 1919 2613 φράγματος

314 2616 745 2695 προδεδωκότος·
815 2617 940 2678 οὐδὲ
993 2618 1199 2699 λόγους
1248 2623 1361 2680 τῶν
1408 2621 1919 2698 Πεισιστρατιδέων

313 2706 750 2783 προσφερόντων
789 2706 916 2784 περὶ
963 2705 1275 2786 ὁμολογίης
1326 2707 1655 2767 ἐνεδέκοντο·
1716 2707 1919 2784 ἀμυνό-

315 2818 474 2870 μενοι
505 2794 566 2853 δὲ
599 2793 758 2854 ἅλλα
787 2820 850 2854 τε
885 2793 1363 2871 ἀντεμηχανέοντο
1398 2796 1489 2854 καὶ
1520 2795 1588 2870 δὴ
1622 2795 1715 2854 καὶ
1741 2821 1918 2872 προσ-

319 2880 512 2941 ιόντων
543 2886 653 2942 τῶν
682 2881 998 2960 βαρβάρων
1029 2883 1173 2959 πρὸς
1206 2882 1305 2945 τὰς
1330 2883 1529 2952 πύλας,
1558 2883 1919 2962 ὀλοιτρόχους

315 2968 577 3030 ἀπίεσαν·
602 2969 767 3030 ’ὥστε
791 2970 1004 3047 Ξέρξεα
1040 2970 1135 3028 ἐπὶ
1164 2969 1368 3048 χρόνον
1400 2970 1612 3050 συχνόν
1648 2969 1919 3048 ἀπορίῃσι

223 3055 300 3113 53
320 3057 626 3134 ἐνέχεσθαι,
657 3057 722 3117 οὗ
754 3055 1056 3135 δυνάμενόν
1088 3063 1273 3132 σφεας
1307 3060 1471 3118 ἓλεῖν.
1554 3057 1752 3136 Χρόνῳ
1783 3058 1830 3117 δ’
1857 3063 1918 3117 ἐκ

316 3145 426 3202 τῶν
455 3142 679 3220 ἀπόρων
707 3145 886 3223 ἐφάνη
915 3142 984 3221 δή
1020 3171 1104 3208 τις
1136 3145 1330 3213 ἔσοδος
1361 3148 1515 3206 τοῖσι
1538 3145 1917 3222 βαρβάροισι·

321 3227 436 3286 ἔδεε
473 3230 584 3310 γοὶρ
626 3231 768 3292 κατὰ
807 3232 876 3293 τὰ
916 3231 1255 3310 θεοπρόπιον
1289 3236 1483 3293 πᾶσαν
1514 3232 1619 3308 τήν
1656 3232 1920 3310 Ἀττικήν
