2259 3500
345 145 564 212 „sl-154]
945 145 1324 194 ΚΑΛΛΙΟΠΗ.
1854 147 1943 198 307

337 219 554 290 ,πολλοὶ
603 224 1072 287 ἀπαλλάσσοντο·
1131 230 1187 288 ἐς
1227 226 1332 300 μὲν
1372 221 1473 284 τᾶν
1513 225 1697 302 χῶρον
1738 227 1795 288 ἐς
1844 223 1945 284 τόν

337 315 628 391 ,συνέκειτο
663 313 762 373 οὐκ
799 317 857 373 ἐν
893 311 1000 392 νόῳ
1036 313 1271 391 ἔχοντες,
1300 314 1353 370 οἶ
1379 311 1453 380 δὲ,
1482 310 1553 372 ὥς
1592 309 1939 388 ἐκινήθησαν,

347 403 585 483 ἔφευγον
637 399 872 477 ἅσμενοι
923 400 1027 476 τὴν
1071 400 1241 460 ἵππον
1287 397 1428 476 πρὸς
1465 397 1568 475 τήν
1614 400 1941 460 Πλαταιέαν
1986 421 1990 423 ’
2055 438 2060 445 -

345 489 532 560 πόλιν,
561 488 858 569 φεύγοντες
891 488 950 546 δὲ
986 486 1339 548 ἀπικνέονται
1372 487 1462 546 ἐπὶ
1496 485 1561 546 τὰ
1588 485 1840 564 Ἡραῖον·
1879 487 1943 548 va

348 577 408 636 δὲ
443 577 554 655 πρό
589 580 690 652 τῆς
723 575 923 638 πόλιός
951 580 1075 636 ἐστι
1100 578 1200 650 τῆς
1230 575 1576 644 Πλαταιέων,
1607 575 1785 633 εἴκοσι
1811 600 1947 634 στα,

350 664 497 728 δίους
522 663 635 724 ἀπὸ
661 668 762 740 τῆς
789 663 990 747 κρήνης
1014 667 1115 740 τῆς
1141 663 1468 743 Γαργαφίης
1494 661 1723 741 ἀπέχον·
1756 661 1945 721 ἀπικό-

349 776 506 828 μενοι
543 751 602 810 δὲ
639 753 824 812 ἔθεντο
859 751 970 828 πρό
996 755 1096 810 τοῦ
1125 753 1246 828 ἶροΰ
1272 749 1345 809 τά
1374 748 1537 810 ὅπλα.
1626 751 1741 808 Καὶ
1769 753 1823 808 οἶ
1846 751 1949 826 μὲν
1964 751 2042 808 53

349 840 476 916 περὶ
513 839 580 899 τό
619 838 852 916 Ἡραῖον
908 837 1460 916 ἐστρατοπεδεύοντο·
1516 839 1843 913 Παυσανίης
1888 837 1947 896 δὲ

349 925 519 1004 ὁρέων
545 928 728 1003 σφέας
753 925 1305 1003 ἀπαλλασσομένους
1332 931 1391 985 ἐκ
1417 931 1516 986 τοῦ
1550 925 1947 1004 στρατοπέδου,

349 1014 711 1094 παρήγγελλε
739 1015 832 1072 καὶ
855 1018 1009 1075 τοῖσι
1029 1014 1532 1090 Λακεδαιμονίοισι,
1562 1013 1949 1090 ἀναλαβόντας

349 1101 422 1161 τοὶ
473 1101 626 1162 ὅπλα
681 1103 816 1162 ἰέναι
871 1102 1011 1162 κατοὶ
1049 1101 1179 1165 τοῦς
1221 1099 1431 1165 ἄλλους
1469 1101 1599 1166 τοὺς
1638 1101 1949 1179 προϊόντας·

349 1190 586 1266 νομίσας
623 1189 820 1253 αὖτοῦς
862 1195 918 1254 ἐς
953 1189 1054 1250 τᾶν
1095 1195 1280 1269 χῶρον
1324 1191 1460 1250 ἰέναι
1496 1196 1551 1254 ἐς
1584 1190 1683 1250 τὸν
1719 1188 1949 1266 συνεθήῖ·

345 1302 536 1337 καντο·
566 1279 802 1338 ἐνθαῦτα
822 1281 874 1337 οἱ
893 1279 996 1354 μὲν
1022 1276 1197 1336 ἄλλοι
1222 1277 1402 1354 ἄρτιοι
1427 1278 1576 1354 ἦσαν
1602 1283 1711 1339 τῶν
1730 1278 1949 1355 ταξιαρ-

349 1365 492 1442 χέων
517 1367 812 1426 πείθεσθαι
849 1367 1167 1444 Παυσανίῃ·
1208 1364 1637 1442 Ἀμομφάρετος
1670 1368 1729 1425 δὲ
1764 1367 1797 1426 ὅ
1833 1371 1949 1424 Πο-

352 1453 568 1523 λιάδεω,
607 1454 895 1534 λοχηγέων
925 1457 1025 1513 τοῦ
1060 1453 1415 1529 Πιτανητέων
1454 1453 1651 1532 λόχου,
1694 1453 1792 1513 οὐκ
1836 1455 1945 1530 ἔφη

351 1565 480 1602 τους
520 1541 726 1609 ξείνους
766 1540 1088 1616 φεύξεσθαι,
1119 1540 1245 1600 ουδὲ
1286 1541 1421 1600 ἐκῶν
1462 1541 1601 1600 εἶναι
1642 1541 1951 1620 αἰσχυνέειν

353 1652 456 1732 την
483 1627 766 1718 Σπάρτην·
806 1627 1055 1705 ἐθώμαζέ
1087 1655 1150 1689 τε
1186 1628 1357 1706 ορέων
1389 1628 1457 1688 τό
1487 1629 1825 1705 ποιεύμενον,
1854 1625 1951 1688 ἅτε

356 1740 420 1774 ου
445 1714 888 1797 παραγενόμενος
906 1719 982 1795 τῷ
999 1717 1251 1798 προτέρω
1277 1717 1448 1798 λόγω·
1477 1716 1597 1777 ὅδὲ
1625 1716 1951 1792 Παυσανίης

353 1828 417 1863 τε
435 1804 528 1863 καὶ
553 1804 585 1864 ὁ
612 1802 904 1881 Εὐρυάναξ
923 1804 1097 1865 δεινον
1117 1808 1221 1882 μὲν
1243 1810 1523 1883 ἐποιεῦντο
1538 1832 1604 1865 το
1625 1831 1706 1882 μη
1689 1804 1951 1865 πείθεσ-

353 1892 450 1951 θαι
492 1896 696 1954 ἐκεῖνον
742 1893 934 1972 σφίσι,
979 1893 1283 1971 δεινότερον
1326 1895 1385 1953 δὲ
1428 1895 1521 1965 ἔτι,
1558 1894 1737 1954 κείνου
1777 1896 1954 1953 ταῦτα

353 1982 670 2059 νενωμένου,
726 1980 1024 2043 ἀπολιπεῖν
1074 1982 1174 2043 τὸν
1232 1982 1408 2063 λόχον
1459 1981 1560 2043 τᾶν
1614 1980 1949 2057 Πιτανήτην,

353 2068 452 2145 μή,
492 2068 560 2145 ἢν
602 2070 926 2131 ἀπολίπωσι
957 2075 1239 2135 ποιεῦντες
1273 2071 1345 2131 τοὶ
1383 2069 1759 2147 συνεθήκαντο
1799 2072 1951 2129 τοῖσι

355 2156 588 2217 ἄλλοισι
629 2158 900 2234 Ἕλλησι,
950 2158 1233 2234 ἀπόληται
1272 2159 1635 2236 ὑπολειφθεὶς
1682 2157 1845 2221 αὐτός
1889 2184 1951 2217 τε

354 2242 784 2321 ΪΑμομφάρετος
811 2246 904 2303 καὶ
929 2248 982 2302 οἱ
1007 2243 1125 2320 μετ’
1156 2244 1343 2303 αὐτοῦ·
1385 2252 1563 2306 ταῦτα
1601 2246 1951 2327 λογιζόμενοι

355 2327 598 2406 ἀτρέμας
652 2330 803 2407 εἶχον
843 2330 918 2389 τὰ
951 2328 1332 2405 στρατόπεδον
1371 2332 1437 2391 τὸ
1478 2334 1813 2404 Λακωνικὸν,
1862 2334 1953 2392 καὶ

355 2418 654 2492 ἐπειρῶντο
703 2416 986 2479 πείθοντές
1031 2440 1130 2493 μιν
1184 2414 1255 2479 ὥς
1306 2416 1371 2475 οὗ
1422 2418 1591 2495 χρεόν
1644 2420 1727 2495 εἴη
1774 2425 1951 2497 ταῦτα

357 2503 582 2565 ποιέειν.
1053 2550 1058 2557 ·

440 2592 555 2650 Καὶ
607 2595 660 2652 οἱ
709 2594 814 2669 μὲν
859 2592 1209 2675 παρηγόρεον
1247 2591 1700 2671 Ἀμομφάρετον,
1746 2596 1954 2670 μοῦνον
1972 2592 2049 2649 54

357 2680 803 2757 Λακεδαιμονίων
820 2706 883 2741 τε
909 2682 1001 2739 καὶ
1026 2683 1339 2763 Τεγεητέων
1365 2679 1748 2757 λελειμμένον.
1789 2678 1951 2755 Ἀθη-

358 2770 502 2825 ναῖοι
528 2768 587 2826 δὲ
614 2768 830 2829 ἐποίευν
854 2768 1058 2829 τοιάδε·
1103 2769 1255 2848 εἶχον
1276 2770 1517 2847 ἀτρέμας
1543 2769 1727 2845 σφέας
1754 2766 1954 2829 αὐτοῦς

360 2852 448 2913 ἵνα
483 2854 818 2940 ἐτάχθησαν,
849 2856 1208 2935 ἐπιστάμενοι
1238 2857 1311 2916 τοὶ
1342 2857 1789 2933 Λακεδαιμονίων
1800 2860 1953 2933 ’φρο-

357 2941 590 3019 νήματα,
639 2944 709 3008 ὦς
749 2944 904 3003 ἀλλα
949 2944 1291 3022 φρονεόντων
1336 2946 1429 3003 καὶ
1470 2942 1623 3003 ἄλλα
1658 2943 1953 3025 λεγόντων·

358 3029 430 3093 ὦς
484 3032 544 3090 δὲ
597 3032 821 3108 ἐκινήθη
882 3032 949 3093 vd
1004 3033 1399 3112 στρατόπεδον,
1455 3032 1702 3108 ἔπεμπον
1760 3032 1953 3107 σφέων

361 3120 534 3179 ἱππέα
581 3118 860 3199 ὀψόμενόν.
904 3148 965 3181 τε
1009 3126 1058 3181 εἰ
1103 3121 1439 3199 πορεύεσθαι
1494 3122 1848 3199 ἐπιχειρέοιεν
1902 3121 1953 3178 οἶ

360 3207 724 3285 Σπαρτιῆται,
771 3210 880 3270 εἴτε
928 3211 1020 3269 καὶ
1064 3210 1132 3271 vd
1178 3209 1443 3287 παράπαν
1488 3208 1570 3286 μή
1618 3209 1957 3269 διανοεῦνται

361 3292 864 3362 ἀπαλλάσσεσθαι·
907 3291 1277 3376 ἐπείρεσθαί
1251 3322 1313 3358 τε
1340 3296 1672 3378 Παυσανίην
1694 3322 1761 3359 το
1787 3284 1955 3378 χρεόν
