2259 3500
374 108 593 173 84—90]
994 104 1368 155 non-nnn.
1869 106 1964 153 155

372 186 493 248 οὔτι
531 186 879 266 ἀνεχομένων
915 184 1017 249 τοὶς
1056 183 1344 261 καμήλους
1381 180 1614 259 ὕστεροι
1652 179 1970 259 ἔτετιίχατο,

374 272 463 333 ἵνα
501 271 584 351 μή
628 274 903 351 φοβέοιτο
944 270 1010 331 τό
1055 270 1300 331 ἱππικόν.
1371 268 1681 348 Ἵππαρχοι
1722 265 1854 327 δὲ’
1817 293 1968 344 ησαν
1989 270 2068 329 88

369 358 753 439 Ἀρμαμίθρης
794 386 856 420 τε
899 360 991 419 καὶ
1032 358 1274 426 Τίθαιος,
1321 356 1528 419 Δάτιος
1567 356 1776 419 παῖδες·
1832 355 1863 416 ὁ
1907 356 1968 415 δὲ

368 450 553 525 τρίτος
580 456 693 525 σφι
718 448 1107 525 ωινίππαρχος
1126 444 1453 523 Φαρνούχης
1479 446 1885 504 καταλέλειπτο
1913 449 1972 505 ἐν

371 535 607 615 Σάρδισι
647 537 874 598 νοσέων·
918 534 990 598 ὥς
1028 534 1139 617 γὰρ
1181 532 1462 610 ὄρμέωντο
1497 537 1557 593 ἐκ
1586 532 1848 609 Σαρδίων,
1879 532 1970 592 ε’πῖ

368 625 674 703 συμφορήν
721 625 948 685 ἐνέπεσε
994 620 1351 697 ἀνεθέλητον·
1408 618 1692 679 ἐλαύνοντι
1738 619 1848 701 γάρ
1897 625 1968 690 οἱ,

366 709 479 769 ὑπὸ
519 711 647 772 τοὺς
691 711 863 775 πόδας
904 712 1005 771 τοῦ
1050 710 1223 769 ἵππου
1261 706 1546 786 ὑπέδραμε
1583 705 1742 767 κύων·
1797 709 1890 766 καὶ
1933 708 1966 769 ὁ

373 796 543 858 ἵππος
578 794 644 855 οὔ
678 796 935 871 προϊδών,
965 796 1232 873 ἐφοβήθη
1271 820 1334 855 τε
1376 794 1469 852 καὶ
1510 793 1651 856 ‹nds-
1676 791 1841 869 ὄρθός
1866 791 1968 853 οἷπ-

372 883 637 942 εσείσατο
671 881 771 942 τᾶν
805 884 1149 962 Φαρνούχεα·
1191 881 1382 941 πεσῶν
1425 881 1502 949 δὲ,
1536 879 1676 956 αἷμά
1714 905 1776 939 τε
1815 878 1970 956 ἤμεε,

372 968 465 1027 καὶ
504 973 559 1033 ές
599 969 803 1045 φθίσιν
842 971 1113 1045 περιῆλθε
1139 969 1180 1045 ἤ
1206 972 1426 1032 νοῦσος·
1466 970 1566 1029 τόν
1592 968 1651 1027 δὲ
1681 968 1852 1027 ἵππον
1876 968 1970 1027 αὖ·

368 1056 495 1115 τίκα
534 1055 653 1117 κατ’
678 1056 872 1170 ἀρχὰς
892 1057 1166 1133 ἐποίησαν
1199 1058 1254 1125 οἱ
1290 1055 1496 1116 οἰκέται
1531 1054 1604 1119 οἷς
1636 1056 1871 1115 ἐκέλευε·
1915 1060 1970 1121 ἐς

366 1169 467 1204 τον
503 1170 687 1225 χωρον
714 1150 772 1205 ε’ν
794 1149 977 1225 τῷπερ
1012 1145 1298 1221 κατέβαλε
1321 1143 1422 1205 τόν
1447 1140 1788 1205 δεσπότεα’
1752 1169 1968 1225 απαγα-

366 1229 575 1312 γόντες,
604 1237 663 1293 ἐν
684 1236 839 1294 τοῖσι
862 1231 1099 1314 γούνασι
1123 1230 1412 1309 ἀπέταμον
1435 1232 1508 1293 τοὶ
1534 1232 1762 1291 σκέλεα.
1820 1239 1966 1309 Φαρ-

367 1318 570 1398 νούχης
594 1321 698 1396 μὲν
725 1318 865 1379 οὕτω
890 1319 1182 1397 παρελύθη
1205 1323 1308 1395 τῆς
1332 1318 1649 1400 ἡγεμονίης.

447 1411 569 1467 Τῶν
610 1406 670 1466 δε
710 1406 972 1483 τριήρεων
1012 1406 1246 1483 οἷριθμός
1287 1409 1392 1482 μὲν
1435 1407 1652 1487 ἐγένετο
1689 1431 1830 1465 επτα
1871 1432 1962 1464 και
1941 1406 2059 1464 89

369 1491 649 1568 διηκόσιαι
676 1494 768 1553 καὶ
792 1494 993 1573 χίλιαι·
1020 1492 1354 1570 παρείχοντο
1383 1493 1442 1551 δὲ
1469 1491 1638 1555 αὐτοῖς
1665 1493 1796 1551 οἶδε·
1839 1493 1965 1551 Φοί-

369 1605 512 1643 νικες
537 1583 640 1658 μὲν
664 1581 772 1641 σῦν
799 1581 1055 1658 Συρίοισι
1078 1582 1233 1638 τοῖσι
1255 1583 1312 1637 ἐν
1338 1582 1410 1656 τῇ
1429 1580 1789 1657 Παλαιστίνῃ
1814 1605 1964 1655 τριη-

372 1668 580 1738 κοσίας,
608 1666 713 1727 ὧδε
749 1666 1169 1744 ἐσκευασμένοι·
1211 1664 1340 1741 περὶ
1363 1667 1468 1741 μὲν
1497 1668 1635 1743 τῇσι
1675 1668 1962 1742 κεφαλῇσι

370 1757 561 1820 κυνέας
588 1756 739 1835 εἶχον
766 1755 1058 1837 ἀγχοτάτω
1082 1753 1458 1829 πεποιημένας
1476 1751 1685 1829 τρόπον
1710 1752 1810 1812 τόν
1833 1751 1963 1811 Ελ-

367 1844 615 1920 ληνικόν·
662 1843 1000 1907 ἐνδεδυκότες
1046 1842 1106 1901 δὲ
1154 1839 1404 1918 θώρηκας
1445 1840 1676 1908 λινέους,
1723 1836 1966 1903 ἀσπίδας

368 1930 493 1990 δὲ*
468 1957 585 1997 ιτυς
623 1930 726 1992 οὐκ
767 1930 1009 2010 ε’χούσας
1054 1929 1224 2008 εἶχον,
1265 1929 1360 1986 καὶ
1402 1925 1651 1988 α’κόντια·
1709 1923 1862 1986 οὗτοι
1903 1926 1964 1986 δὲ

367 2021 422 2079 οἱ
462 2022 709 2083 Φοίνικες
750 2020 819 2080 τό
864 2017 1109 2079 παλαιὰν
1156 2017 1351 2087 οἴκεον,
1393 2015 1465 2080 ὥς
1511 2014 1669 2075 αὐτοὶ
1710 2015 1962 2095 λέγουσι,

368 2107 461 2166 ε’πὶ
494 2111 565 2187 τῇ
598 2107 842 2186 Ἐρυθρῇ
881 2105 1172 2183 θαλάσσῃ·
1215 2105 1462 2164 ἐνθεῦτεν
1505 2103 1564 2162 δὲ
1602 2102 1962 2179 ὑπερβάντες,

365 2198 466 2270 τῆς
490 2195 692 2272 Συρίης
715 2195 961 2254 οἰκέουσι
996 2194 1067 2254 ταῖ
1094 2192 1250 2269 παραὶ
1281 2193 1605 2253 θάλασσαν·
1643 2195 1745 2267 τῆς
1771 2192 1831 2251 δὲ
1856 2192 1963 2257 Συ-

366 2282 489 2357 ρίης
522 2285 689 2342 τοῦτο
722 2280 790 2341 τὰ
826 2283 1045 2360 χωρίον,
1075 2281 1167 2339 καὶ
1203 2278 1270 2340 τό
1309 2280 1479 2360 μέχρι
1505 2279 1791 2361 Αἰγύπτου
1829 2283 1959 2352 πᾶν,

369 2369 731 2444 Παλαιστίνη
783 2369 1059 2427 καλέεται.
1139 2366 1437 2448 Αἰγύπτιοι
1487 2367 1547 2426 δὲ
1600 2368 1723 2431 νέας
1775 2366 1962 2443 παρεί-

366 2479 538 2532 χοντο
562 2455 866 2530 διηκοσίας·
907 2453 1061 2515 οὗτοι
1085 2455 1146 2514 δὲ
1173 2455 1326 2536 εἶχον
1352 2456 1478 2533 περὶ
1501 2458 1605 2534 μὲν
1627 2460 1764 2534 τῇσι
1791 2461 1962 2531 κεφα-

365 2543 510 2619 λῇσι
552 2540 755 2618 κράνεα
786 2540 1051 2622 χηλευτὰ,
1093 2541 1336 2607 ἀσπίδας
1379 2542 1438 2602 δὲ
1477 2545 1672 2606 κοίλας
1704 2541 1804 2606 τοὶς
1845 2542 1962 2606 ἴτυς

365 2627 618 2709 μεγάλας
654 2628 911 2708 ε’χούσας,
944 2630 1037 2689 καὶ
1072 2628 1281 2706 δόρατά
1319 2655 1384 2691 τε
1423 2629 1698 2709 ναύμαχα,
1735 2629 1828 2688 καὶ
1865 2628 1958 2688 τύ-

367 2741 495 2780 κους
527 2716 830 2797 μεγάλους·
880 2716 947 2778 τό
988 2718 1051 2776 δὲ
1094 2717 1314 2793 πλῆθος
1353 2715 1534 2778 αὐτῶν
1572 2715 1962 2793 θωρηκοφόροι

364 2799 532 2878 ἦσαν,
557 2805 837 2884 μαχαίρας
862 2805 923 2864 δὲ
946 2803 1201 2885 μεγάλας
1233 2804 1406 2884 εἶχον.
1485 2801 1639 2864 οὗτοι
1675 2805 1780 2880 μὲν
1819 2801 1960 2862 οὕτω

366 2891 733 2956 ἐσταλαδατο.
816 2892 1061 2972 Κύπριοι
1102 2891 1164 2951 δὲ
1206 2892 1540 2972 παρείχοντο
1586 2891 1713 2954 νέας
1756 2888 1951 2966 πεντή-
1976 2891 2056 2948 90

365 3003 535 3040 κοντα
558 2964 669 3040 καὶ
709 2981 921 3053 εκατόν,
964 2979 1366 3056 ἐσκευασμένοι
1405 2978 1526 3039 ὧδε·
1571 3003 1674 3042 τας
1685 3003 1820 3085 ..¹⁸⁶⁹
1872 3002 1959 3035 κε-

365 3061 557 3141 φαλὰς
596 3067 849 3150 εἱλίχατο
887 3068 1120 3146 μίτρῃσι
1163 3071 1216 3128 οἳ.
1254 3067 1527 3144 βασιλέες
1567 3065 1762 3126 αὐτῶν·
1806 3066 1860 3124 οἱ
1900 3064 1962 3124 δε

362 3152 536 3214 αλλοι
563 3153 717 3235 εἶχον
742 3157 993 3218 κιθῶνας·
1033 3182 1106 3215 τα
1131 3155 1191 3214 δε
1217 3154 1372 3213 ἄλλα
1398 3177 1642 3228 καταπερ
1663 3151 1956 3226 Ἕλληνες.

362 3241 573 3306 τούτων
596 3243 658 3304 δὲ
680 3243 890 3306 τοσάδε
915 3239 1075 3302 ἔθνεά
1105 3246 1250 3302 ε’στι·
1293 3243 1347 3299 οἱ
1371 3242 1476 3312 μὲν
1500 3237 1612 3298 ἁπό
1639 3240 1962 3310 Σαλαμῖνος
