2259 3500
390 139 610 205 41—45]
997 139 1405 192 ΨΕΡΨῙΧΟΡΗ.
1936 143 1999 192 19
2026 151 2031 157 ·

389 219 570 278 Λαΐου
604 222 879 298 χρησμῶν
904 217 1255 294 Ἡρακληΐην
1288 217 1392 293 τήν
1428 223 1487 278 ἐν
1519 219 1753 300 Σικελίῃ
1780 221 1996 292 κτίζειν,

393 305 511 382 φοὶς
539 305 644 382 τήν
669 304 908 383 Ἔρυκος
946 303 1137 384 χώρην
1167 308 1362 365 πᾶσαν
1399 304 1538 365 εἶναι
1561 305 1995 383 Ἡρακληῖδέων,

391 393 562 454 αὐτοῦ
585 393 896 471 Ἡρακλέος
929 393 1301 470 κτησαμένου.
1386 391 1419 453 ὅ
1455 393 1515 452 δὲ
1546 392 1793 458 ἀκούσας
1816 399 1992 455 ταῦτα

391 485 447 545 ἐς
493 481 760 559 Δελφοιῗς
803 481 990 560 οἴχετο
1041 480 1394 559 χρησόμενος
1439 484 1517 560 τῷ
1556 483 1895 562 χρηστηρίῳ,
1946 487 1995 544 εἰ

389 569 559 646 αἱρέει
588 568 673 628 ἐπ’
703 567 774 645 ἢν
806 570 1111 629 στέλλεται
1140 567 1353 647 χῶρην;
1401 568 1441 644 ἦ
1481 569 1541 629 δὲ
1574 570 1763 646 Πυθίη
1796 573 1851 629 οἱ
1879 574 1995 650 χρᾷ

391 657 662 733 αἱρήσειν·
703 656 1059 734 παραλαβὼν
1095 657 1155 716 δὲ
1185 656 1217 718 ὃ
1251 657 1495 734 Δωριεῦς
1526 657 1627 718 rav
1656 657 1871 719 στόλον
1894 659 1994 718 τᾶν

388 745 480 802 καὶ
527 750 583 808 ἐς
629 744 855 822 Λιβύην
901 743 1020 825 ἦγε,
1067 744 1351 822 ἐκομίζετο
1390 743 1543 822 παρᾶ
1583 745 1688 820 τὴν
1724 737 1990 822 Ἰταλίην.
2152 803 2179 826 ,

387 831 500 891 Τὸν
525 831 730 910 χρόνον
756 833 816 891 δὲ
839 837 1056 904 τοῦτον,
1083 832 1157 896 ὥς
1182 833 1419 914 λέγουσι
1446 833 1777 910 Συβαρῖται,
1806 834 1991 908 σφέας
2005 835 2085 893 44

385 943 448 978 τε
475 918 674 984 adv-0135
713 921 806 980 καὶ
839 924 1030 996 Τῆλυν
1061 919 1165 981 vav
1198 923 1410 980 ἑωυτῶν
1440 919 1695 996 βασιλέα
1721 920 1813 979 ε’πὶ
1841 919 1989 997 Κρό-

384 1030 528 1068 τωνα
567 1009 800 1085 μέλλειν
840 1006 1269 1085 στρατεύεσθαι·
1328 1006 1459 1070 τούς
1498 1006 1557 1066 δὲ
1598 1006 1987 1085 Κροτωνιήτας

385 1095 668 1171 περιδεέας
689 1097 1034 1176 γενομένους,
1064 1095 1327 1171 δεηθῆναι
1353 1095 1595 1172 Δωριέος
1620 1095 1797 1171 σφίσι
1822 1121 1986 1173 τιμω-

381 1185 556 1257 ρῆσαι
592 1183 683 1242 καὶ
717 1185 908 1262 τυχεῖν
945 1182 1255 1258 ὃεήθεντας.
1298 1182 1787 1260 συστρατεύεσθαί
1817 1207 1879 1243 τε
1916 1182 1984 1259 δή

383 1269 474 1328 ε’πὶ
491 1269 746 1348 Σύβαριν
762 1271 982 1348 Δωριέα
1002 1271 1096 1330 καὶ
1115 1273 1371 1331 συνελεῖν
1389 1269 1493 1348 τήν
1512 1269 1782 1348 Σύβαριν.
1810 1275 1987 1330 ταῦτα

381 1357 486 1432 μέν
517 1383 614 1419 νυν
646 1360 962 1436 Συβαρῖται
993 1358 1231 1440 λέγουσι
1260 1361 1499 1433 ποιῆσαι
1534 1359 1753 1435 Δωριέα
1790 1384 1854 1418 τε
1890 1358 1984 1418 καὶ

381 1443 509 1508 τοῦς
531 1445 650 1522 μετ’
677 1446 865 1506 αὐτοῦ·
923 1449 1309 1523 Κροτωνιῆται
1334 1446 1395 1505 δὲ
1422 1444 1615 1507 οὐδένα
1636 1446 1813 1522 σφίσι
1832 1447 1982 1522 φασὶ

380 1531 562 1600 ξεῖνον
597 1535 1137 1611 προσεπιλαβέσθαι
1166 1537 1269 1594 τοῦ
1298 1533 1440 1612 πρᾶς
1473 1536 1793 1612 Συβαρίτας
1812 1537 1979 1595 πολέ-

381 1643 510 1694 μου,
551 1623 601 1678 εἰ
629 1619 712 1698 μή
747 1621 1013 1696 Καλλίην
1045 1625 1157 1682 τῶν
1192 1619 1478 1699 Ἰαμιδέων
1514 1621 1715 1699 μάντιν
1752 1621 1983 1683 Ἠλεῖον

381 1709 607 1783 μοῦνον,
638 1707 728 1767 καὶ
753 1711 954 1769 τοῦτον
983 1706 1174 1789 τρόπῳ
1202 1709 1414 1788 τοιῷδε·
1452 1707 1607 1787 παρὰ
1634 1708 1853 1784 Τήλυος
1878 1714 1982 1771 τοῦ

381 1795 739 1874 Συβαριτέων
788 1796 1056 1875 τυρσῖννου
1107 1794 1428 1874 ἀποδράντα
1476 1796 1779 1857 ἀπικέσθαι
1829 1798 1983 1875 παρὰ

378 1883 581 1957 σφέας,
637 1885 761 1944 ἐπεί
808 1910 871 1944 τε
923 1886 978 1945 οἱ
1027 1882 1100 1944 τσῖ
1150 1882 1243 1961 ipo)
1290 1881 1355 1943 οὗ
1394 1882 1711 1962 προεχώρεε
1752 1884 1981 1962 χρηστὰ

381 1970 628 2050 θυομένῳ
655 1970 748 2031 ε’πὶ
774 1970 1066 2049 Κρότωνα.
1147 1974 1327 2032 ταῦτα
1352 1970 1413 2031 δὲ
1437 1968 1512 2030 ὧν
1538 1966 1693 2031 οὗτοι
1722 1971 1977 2051 λέγουσι.

380 2058 674 2135 Μαρτύρια
715 2060 774 2118 δὲ
811 2058 1020 2119 τούτων
1067 2056 1315 2136 ἑκάτεροι
1360 2057 1785 2119 ἀποδεικνύουσι
1826 2058 1977 2119 τάδε·
1992 2061 2073 2121 45

379 2146 692 2223 Συβαρῖται
725 2149 831 2223 μὲν
854 2146 1082 2223 τέμενός
1113 2172 1176 2207 τε
1214 2148 1307 2207 καὶ
1330 2147 1467 2221 νηὸν
1502 2145 1665 2207 ε’όντα
1701 2147 1855 2224 παρὰ
1878 2147 1979 2209 τόν

377 2232 546 2311 ξηρὰν
573 2234 846 2311 Κραστιν,
867 2233 967 2295 τόν
995 2233 1335 2311 ἱδρυσασθαι
1354 2232 1665 2294 συνελόντα
1684 2258 1787 2309 την
1806 2234 1977 2295 πόλιν

375 2320 597 2417 Δωριέα
611 2322 850 2425 λέγουσι
861 2320 1179 2422 Ἀθηναίῃ’
1153 2320 1413 2422 επωνῦμῳ
1431 2321 1713 2400 Κραστίῃ·
1733 2324 1900 2381 τοῦτο
1916 2323 1976 2382 δὲ

375 2397 546 2459 αὐτοῦ
572 2402 817 2479 Δωριέος
839 2427 940 2461 τον
965 2400 1206 2462 θάνατον
1228 2426 1531 2479 μαρτυριον
1557 2401 1831 2481 μέγιστον
1853 2428 1975 2463 ποι-

375 2490 578 2559 εῦνται,
605 2487 692 2548 ὅτι
717 2514 870 2566 παρα
894 2515 966 2549 τα
989 2490 1409 2567 μεμαντευμένα
1441 2488 1643 2549 ποιέων
1678 2488 1969 2567 διεφθάρη·

374 2578 424 2635 εἰ
465 2575 577 2657 γᾶρ
617 2576 684 2652 δὴ
725 2576 810 2652 μὴ
848 2576 1169 2655 παρέπρηξε
1212 2576 1386 2654 μηδὲν
1432 2575 1516 2635 ἐπ’
1562 2573 1605 2654 ᾧ
1652 2576 1711 2635 δὲ
1756 2577 1975 2655 ἐστάλη

373 2664 569 2734 ἐποίεε,
599 2662 716 2723 εἷλε
752 2660 822 2723 ἂν
851 2662 961 2739 τήν
988 2663 1279 2741 Ἐρυκίνην
1317 2663 1505 2743 χώρην
1546 2664 1639 2723 καὶ
1674 2664 1816 2725 ἔλων
1846 2691 1973 2725 κατ-

374 2748 527 2829 έσχε,
557 2749 669 2810 οὐδ’
697 2748 766 2812 ἂν
791 2749 958 2814 αὖτός
982 2776 1046 2811 τε
1071 2750 1163 2811 καὶ
1186 2751 1225 2827 ἦ
1251 2752 1489 2829 στρατιὴ
1519 2751 1815 2829 διεφθάρη.
1845 2756 1897 2811 οἱ
1924 2752 1971 2812 δ’

372 2833 443 2893 αὖ
469 2842 851 2913 Κροτωνιῆται
875 2837 1235 2898 ἀποδεικνῦσι
1270 2838 1503 2919 Καλλίῃ
1538 2841 1640 2915 μὲν
1665 2843 1743 2918 τῷ
1766 2838 1973 2917 Ἠλείῳ

373 2921 628 2999 ἐξαίρετα
653 2928 710 2983 ἐν
735 2928 813 3005 γῇ
836 2930 909 3003 τῇ
939 2924 1350 3003 Κρωτωνιῆτιδι
1380 2925 1577 2985 πολλὰ
1602 2926 1848 2995 δοθέντα,
1878 2926 1972 3005 (τά

371 3009 466 3067 καὶ
493 3014 548 3072 ἐς
573 3013 672 3089 ἐμὲ
697 3013 776 3071 ἔτι
797 3013 1056 3088 ἐνέμοντο
1076 3015 1130 3071 οἱ
1150 3011 1417 3072 Καλλίεω
1436 3011 1749 3094 ἅπόγονοι,)
1770 3014 1976 3090 Δωριέῖ

369 3095 432 3155 δὲ
452 3096 545 3156 καὶ
564 3101 716 3159 τοῖσι
735 3100 979 3175 Δωριέος
999 3098 1334 3181 ἀπογόνοισι
1354 3098 1531 3160 οὐδέν·
1562 3102 1739 3159 καίτοι
1766 3102 1814 3157 εἰ
1840 3124 1969 3159 συν·-

369 3184 688 3262 επελιίβετό
727 3212 796 3267 γε
839 3189 942 3246 τοῦ
988 3188 1363 3265 Συβαριτικοῦ
1407 3186 1662 3261 πολέμου
1708 3185 1969 3263 Δωριεύς,

367 3272 597 3349 δοθῆναι
613 3273 682 3334 ἅν
697 3276 752 3333 οἱ
771 3273 1188 3335 πολλαπλάσια
1206 3272 1243 3349 ἦ
1261 3272 1509 3348 Καλλίῃ.
1554 3275 1732 3333 ταῦτα
1746 3274 1851 3349 μέν
1870 3298 1968 3335 νυν
