2259 3500
311 105 526 171 30--331
927 102 1305 152 KAAAIOIIH.
1810 105 1903 156 297

307 215 382 267 τα
399 182 690 262 Ἑλλήνων
713 183 898 261 ηυξον,
925 184 1054 290 περὶ
1081 181 1183 243 τᾶν
1210 181 1559 258 Παρνησσόν
1586 183 1911 261 κατειλημέ-

311 302 416 337 νοι·
449 301 543 334 και
521 271 862 333 ἐνθεῦτεν“
831 269 1189 348 ορμεῶμενοι,
1210 270 1412 347 ἔφερόν
1435 295 1499 330 τε
1526 271 1617 330 καὶ
1644 271 1784 351 ἦγον
1808 273 1913 348 τήν

309 391 371 424 τε
405 360 726 439 Μαρδονίου
763 359 1034 436 στρατιὴν
1067 361 1161 418 καὶ
1192 385 1321 422 τους
1362 358 1481 435 μετ’
1514 359 1685 418 αὐτοῦ
1726 361 1914 423 ἐόντας

311 450 618 526 Ἑλλήνων·
662 449 817 517 ἔταξε
851 448 910 506 δὲ
947 447 1038 507 καὶ
1073 445 1401 509 Μακεδόνας
1424 473 1485 506 τε
1514 449 1607 506 καὶ
1632 447 1761 510 τούς
1786 449 1914 524 περὶ

313 539 641 612 Θεσσαλίην
671 536 991 613 οἰκημένους
1018 535 1159 595 κατὰ
1195 534 1323 598 τούς
1348 533 1689 612 Ἀθηναίους.
1774 539 1915 593 Ταῦ·-
1934 537 2009 594 32

311 652 383 687 τα
418 629 522 703 μὲν
557 629 668 686 τῶν
703 625 901 685 ἐθνέων
935 623 1008 684 τοὶ
1040 624 1285 704 μέγιστα
1321 622 1631 700 ὁνόμασται
1668 627 1777 683 τῶν
1808 623 1917 682 ὖπό

315 715 636 792 Μαρδονίου
683 713 1014 790 ταχθέντων,
1065 712 1243 789 τάπερ
1286 711 1706 788 ἐπιφανέστατά
1743 737 1805 772 τε
1844 710 1914 787 ἦν

317 804 410 862 καὶ
451 802 628 882 λόγου
670 801 963 860 πλείστου·
1012 805 1220 876 ἐνῆσαν
1260 800 1320 860 δὲ
1361 801 1453 859 καὶ
1492 800 1682 862 ἄλλων
1724 800 1919 860 ἐθνέων

317 888 508 966 ἄνδρες
544 888 995 968 ἀναμεμιγμένοι,
1027 892 1261 968 Φρυγῶν
1299 915 1361 948 τε
1398 889 1490 948 καὶ
1526 888 1792 966 Θρηίκων,
1830 888 1921 946 καὶ

318 980 536 1036 Μυσῶν
576 1001 638 1036 τε
682 976 774 1034 καὶ
812 975 1082 1050 Παιόνων,
1121 977 1212 1036 καὶ
1247 981 1357 1036 τῶν
1387 975 1597 1036 ἄλλων·
1640 981 1698 1035 ἐν
1735 976 1793 1035 δὲ
1830 977 1923 1034 καὶ

319 1064 604 1125 Αἰθιόπων
634 1091 696 1124 τε
729 1064 822 1123 καὶ
859 1064 1177 1144 Αἰγυπτίων
1212 1063 1298 1144 (οἵ
1331 1091 1393 1124 τε
1432 1063 1799 1141 Ἑρμοτύβιες
1832 1063 1923 1121 καὶ

321 1155 374 1211 οἱ
403 1153 752 1228 Καλασίριες
777 1150 1129 1231 καλεόμενοι)
1149 1152 1584 1230 μαχαιροφόροι·
1629 1153 1786 1229 οἷπερ
1816 1151 1926 1210 εἰσὶ

322 1242 639 1322 Αἰγυπτίων
665 1245 862 1317 μοῦνοι
888 1239 1147 1319 μάχιμοι·
1190 1240 1417 1304 τούτους
1448 1241 1507 1300 δὲ
1540 1243 1619 1300 ἔτι
1658 1246 1715 1300 ἐν
1740 1239 1929 1316 Φαλή-

319 1355 398 1408 ρῳ
426 1329 529 1389 ἐών
555 1327 666 1388 ‹in-<3
686 1333 796 1388 τῶν
817 1333 961 1404 νηῶν
983 1328 1405 1405 ἀπεβιβάσατο,
1430 1329 1616 1393 ἐόντας
1637 1327 1929 1406 ἐπιβάτας·

325 1415 390 1475 οὗ
444 1417 554 1497 γὰρ
610 1415 932 1494 ἐτάχθησαν
982 1421 1036 1478 ἐς
1082 1416 1181 1476 τᾶν
1228 1415 1395 1486 πεζὸν
1446 1416 1545 1476 τόν
1589 1415 1707 1493 ἅμα
1749 1417 1931 1494 Ξέρξῃ

326 1501 662 1580 ἀπικόμενον
690 1508 742 1566 ἐς
767 1503 1008 1579 Ἀθήνας
1035 1501 1352 1584 Αἰγύπτιοι.
1428 1508 1539 1563 τῶν
1561 1506 1665 1579 μὲν
1692 1502 1762 1578 δή
1786 1505 1931 1580 βαρ·
2010 1527 2016 1538 ·

323 1589 516 1667 βάρων
568 1589 717 1668 ἦσαν
757 1590 1054 1668 τριήκοντα
1100 1591 1375 1668 μυριάδες,
1419 1591 1489 1654 ὥς
1530 1592 1621 1650 καὶ
1660 1589 1931 1668 πρότερον

325 1678 652 1754 δεδήλωται·
692 1683 800 1738 τῶν
827 1679 885 1736 δὲ
911 1678 1201 1756 Ἑλλήνων
1224 1683 1334 1739 τῶν
1362 1679 1680 1757 Μαρδονίου
1708 1675 1930 1755 συμμά-

325 1793 442 1845 χων
461 1766 575 1826 οἶδε
600 1770 704 1843 μὲν
723 1765 896 1829 οὐδεὶς
916 1766 1173 1845 ἀριθμόν·
1202 1766 1268 1827 οὗ
1288 1766 1399 1849 γάρ
1422 1766 1495 1827 ὧν
1514 1766 1928 1844 ἠριθμήθησαν·

327 1854 397 1918 ὥς
449 1854 509 1914 δὲ
563 1854 870 1925 ἐπεικάσαι,
926 1861 980 1919 ἐς
1034 1857 1199 1917 πέντε
1258 1856 1527 1935 μυριάδας
1582 1858 1931 1937 συλλεγῆναι

327 1944 538 2014 εἰκάζω.
622 1940 774 2005 οὗτοι
817 1947 870 2003 οἱ
909 1945 1359 2024 παραταχθέντες
1396 1944 1555 2015 πεζοὶ
1592 1944 1760 2021 ἦσαν·
1800 1942 1839 2019 ἦ
1872 1943 1931 2003 δὲ

331 2032 498 2096 ἵππος
522 2032 690 2111 χωρὶς
718 2032 989 2093 ἐτέτακτο.

405 2118 501 2183 Ὡς
545 2121 604 2181 δὲ
645 2119 754 2197 ἄρα
795 2119 998 2183 πάντες
1041 2125 1096 2180 οἱ
1137 2118 1438 2199 ἐτετάχατο
1483 2118 1623 2180 κατά
1668 2145 1732 2178 τε
1774 2119 1931 2179 ἔθνεα
1949 2120 2024 2176 33

329 2208 420 2265 καὶ
448 2207 586 2267 κατα
624 2208 808 2278 τέλεα,
848 2207 1086 2267 ἐνθαῦτα
1120 2211 1194 2285 τῇ
1234 2206 1457 2287 δευτέρῃ
1488 2206 1667 2285 ἡμέρῃ
1705 2206 1931 2267 ἐθύοντο

329 2294 420 2350 καὶ
449 2293 782 2369 ἀμφότεροι.
853 2292 1108 2369 Ἕλλησι
1148 2297 1251 2371 μὲν
1290 2296 1603 2371 Τισαμενὸς
1641 2294 1933 2375 Ἀντιόχου

330 2378 400 2455 ἦν
443 2379 474 2439 ὁ
518 2380 802 2457 θυόμενος·
865 2377 1028 2443 οὗτος
1064 2379 1177 2462 γάρ
1219 2380 1287 2458 δὴ
1331 2384 1513 2442 εἵπετο
1553 2388 1631 2461 τῷ
1670 2382 1932 2460 στρατεύ-

328 2491 463 2543 ματι
501 2466 676 2546 τούτῳ
707 2466 922 2544 μάντις·
973 2467 1089 2538 τόν,
1131 2468 1293 2529 ἐόντα
1338 2470 1569 2530 Ἠλεῖον
1612 2470 1702 2528 καὶ
1747 2473 1935 2551 γένεος

329 2558 430 2613 τοῦ
462 2552 746 2631 Ἰαμιδέων
774 2555 1112 2632 Κλυτιάδην,
1141 2557 1567 2635 Λακεδαιμόνιοι
1599 2557 1935 2633 ἐποιήσαντο

329 2643 738 2721 λεωσφέτερον·
780 2648 1068 2723 Τισαμενῷ
1110 2644 1221 2726 γὰρ
1265 2645 1651 2723 μαντευομένῳ
1696 2649 1753 2702 ἐν
1790 2648 1933 2703 Δελ-

331 2734 498 2806 φοΐσι
552 2731 678 2808 περὶ
728 2729 914 2813 γόνου,
969 2730 1156 2793 οἷνεῖλε
1206 2732 1245 2809 ἦ
1299 2734 1487 2809 Πυθίη
1540 2732 1756 2813 οἶγῶνας
1806 2731 1935 2794 τούς

331 2819 631 2900 μεγίστους
667 2819 1076 2899 ἀναιρήσεσθαι
1117 2824 1303 2883 πέντε·
1344 2821 1376 2881 ὅ
1419 2824 1523 2899 μὲν
1565 2820 1633 2896 δή
1676 2819 1937 2897 ἁμαρτών

332 2911 434 2965 τοῦ
459 2910 820 2986 χρηστηρίου,
851 2914 1121 2989 προσεῖχε
1148 2910 1515 2991 γυμνασίοισι
1542 2908 1613 2971 ὦς
1639 2906 1935 2984 οἶναιρησό·

329 3020 494 3071 μενος
547 2996 846 3078 γυμνικοῦς
900 2996 1134 3078 άγῶνας·
1212 2997 1427 3056 ἀσκέων
1480 2996 1539 3055 δὲ
1591 2995 1932 3055 πεντάεθλον

329 3083 484 3161 παρᾶ.
517 3084 576 3144 ἓν
601 3083 908 3162 πάλαισμα
944 3086 1145 3163 ἔδραμε
1170 3090 1327 3145 νικᾶν
1353 3082 1729 3160 Ὀλυμπιάδα,
1761 3082 1937 3159 Ἱερωτ

331 3170 483 3253 νύμῳ
524 3178 602 3254 τῷ
639 3174 872 3254 Ἀνδρίῳ
917 3173 1098 3234 ἐλθιόν
1141 3178 1197 3237 ἐς
1238 3173 1368 3250 ἔριν·
1410 3168 1837 3249 Λακεδαιμόνιοι
1876 3169 1941 3229 δὲ

329 3261 604 3338 μαθόντες
637 3261 741 3322 οὔκ
777 3267 834 3325 ἐς
872 3261 1173 3343 γυμνικοῦς
1202 3257 1335 3317 ἀλλ’
1367 3261 1423 3319 ἐς
1458 3256 1683 3334 ἀρηίους
1722 3256 1925 3338 ἀγῶνα(
