2259 3500
295 120 389 166 192
905 114 1276 163 ἙΡοΔοτι-οτ
1734 112 1892 177 [v11.

147 198 158 206 “
198 196 311 255 173
329 220 452 255 τινα
469 194 748 269 σωτηρίην
767 191 1233 271 μηχανεώμενοι.”
1273 196 1450 253 ταῦτα
1468 194 1663 273 ἔλεγον
1678 195 1731 250 οἱ
1753 200 1897 253 Θεσ-

289 282 482 343 σαλοί.
566 284 638 339 Οἳ
680 281 739 339 δὲ
765 280 1043 355 Ἕλληνες
1083 281 1223 357 πρὸς
1261 285 1435 340 ταῦτα
1478 279 1897 355 ἐβουλεύσαντο

292 376 347 433 ἐς
384 370 714 444 Θεσσαλίην
747 369 985 444 πέμπειν
1024 368 1165 428 κατοῖ
1199 368 1503 428 θάλασσαν
1530 368 1699 438 πεζόν
1726 394 1897 447 στρα-

287 458 402 528 rav,
443 456 767 532 φυλάξοντα
805 456 908 530 τῆν
947 456 1223 531 ἐσβολήν.
1308 456 1378 519 ὥς
1413 456 1473 514 δὲ
1505 457 1823 534 συνελέχθη
1864 458 1897 516 ὁ

289 546 548 622 στρατὸς,
619 545 782 603 ἔπλεε
837 543 903 603 δι’
959 543 1227 621 Εὐρίπου·
1296 543 1628 621 α’,πικόμενος
1684 544 1745 603 δὲ
1796 550 1897 619 τῆς

287 632 540 711 Ἀχαιίης
578 638 633 697 ἐς
659 632 856 701 ”Αλον,
885 631 1109 708 ἀποβὰς
1148 632 1439 709 ἐπορεύετο
1467 637 1521 693 ἐς
1546 634 1895 708 Θεσσαλίην,

289 719 388 783 τοὶς
413 723 537 784 νέας
557 721 724 781 αὐτοῦ
753 720 1090 782 καταλιπών·
1135 720 1225 779 καὶ
1254 719 1484 780 σ’,πίκετο
1506 724 1560 782 ἐς
1580 718 1651 779 τοὶ
1670 721 1895 796 Τέμπεα

297 814 350 871 ἐς
383 808 486 884 τήν
520 809 794 885 ἐσβολὴν,
829 808 970 885 ἥπερ
1004 807 1114 867 ‹in-6
1149 809 1495 882 Μακεδονίης
1530 812 1631 883 τῆς
1668 808 1813 867 κάτω
1841 814 1896 871 ἐς

289 900 620 973 Θεσσαλίην
657 898 814 974 φέρει
848 897 1000 973 παρὰ
1028 897 1271 972 Πηνειὸν
1299 896 1570 973 ποταμὸν,
1599 896 1806 972 μεταξὲ
1836 897 1895 955 δὲ

291 984 600 1062 Οὐλύμπου
625 1010 686 1046 τε
716 984 905 1061 οὔρεος
931 983 1092 1044 ἐόντα
1117 985 1212 1043 καὶ
1236 987 1337 1059 τῆς
1353 983 1601 1059 Ὄσσης.
1660 985 1895 1043 ἐνθαῦτα

289 1072 820 1149 ἐστρατοπεδεύοντο
856 1075 966 1131 τῶν
995 1072 1287 1147 Ἑλλήνων
1315 1072 1455 1131 καταῖ
1481 1073 1707 1149 μυρίους
1733 1073 1893 1131 ὁπλῖ-

286 1185 379 1218 ται
412 1161 800 1241 συλλεγέντες·
843 1160 939 1219 καί
971 1167 1084 1235 σφι
1119 1165 1343 1236 προσῆν
1369 1160 1407 1236 ἦ
1434 1164 1543 1220 τῶν
1577 1165 1895 1221 Θεσσαλῶν

290 1248 475 1310 ἵππος·
519 1247 856 1327 ἐστρατήγεε
895 1248 954 1305 δὲ
989 1248 1435 1324 Λακεδαιμονίων
1468 1250 1572 1324 μὲν
1599 1247 1892 1312 Εὐαίνετος

289 1333 322 1393 ὁ
353 1333 612 1411 Καρήνου
651 1339 710 1393 ἐκ
746 1338 856 1395 τῶν
893 1335 1267 1414 πολεμάρχων
1295 1336 1677 1414 ἀραιρημένος,
1706 1338 1891 1416 γένεος

288 1422 480 1498 μέντοι
520 1422 621 1481 ἐαὶν
659 1422 724 1481 ού
756 1427 858 1483 τοῦ
893 1424 1223 1498 βασιληίου,
1252 1422 1559 1499 Ἀθηναίων
1586 1424 1646 1483 δὲ
1682 1430 1888 1500 Θεμισ-

287 1512 520 1586 τοκλέης
573 1509 608 1571 ὁ
660 1511 959 1574 Νεοκλέος.
1045 1512 1263 1588 ἔμειναν
1316 1512 1375 1571 δὲ
1429 1510 1627 1591 ὀλίγας
1682 1511 1895 1588 ἡμέρας

289 1600 541 1659 ἐνθαῦτα·
584 1598 910 1675 ἀπικόμενοι
935 1598 1046 1679 γοῖρ
1075 1599 1311 1679 ἄγγελοι
1338 1598 1490 1675 παρὰ
1520 1598 1889 1675 Ἀλεξάνδρου

284 1690 384 1746 τοῦ
411 1686 703 1765 Ἀμύντεω,
735 1686 932 1764 ἀνδρὸς
970 1686 1309 1758 Μακεδόνος,
1339 1686 1751 1763 συνεβούλευόν
1777 1694 1889 1762 σφι

288 1774 788 1845 ἀπαλλάσσεσθαι,
815 1777 955 1851 μηδὲ
987 1776 1255 1852 μένοντας
1285 1779 1344 1834 ἐν
1372 1780 1445 1853 τῇ
1473 1776 1699 1852 ἐσβολῇ
1727 1801 1888 1834 κατα-

286 1864 601 1938 πατηθῆναι
637 1862 744 1921 ὖπὸ
779 1868 879 1922 τοῦ
922 1867 1168 1938 στρατοῦ
1203 1863 1468 1925 ἐπιόντος·
1526 1863 1889 1937 σημαίνοντες

287 1948 354 2010 τὸ
379 1950 598 2025 πλῆθός
624 1975 684 2008 τε
709 1955 809 2025 τῆς
837 1954 1105 2027 στρατιῆς
1134 1951 1225 2009 καὶ
1251 1950 1351 2013 τὰς
1377 1951 1520 2012 νέας·
1556 1949 1625 2012 ὦς
1652 1949 1711 2007 δὲ
1737 1946 1891 2009 οὗτοί

287 2044 399 2111 σφι
424 2041 600 2096 ταῦτα
625 2036 1056 2112 συνεβούλευον,
1086 2037 1331 2115 (χρηστα
1366 2037 1475 2118 γσῖρ
1502 2036 1721 2096 ἐδόκεον
1746 2062 1889 2112 συμ-

283 2123 592 2199 βουλεύειν,
624 2124 720 2181 καί
741 2130 854 2199 σφι
882 2123 1064 2187 εὔνοος
1093 2125 1353 2199 ἐφαίνετο
1383 2124 1485 2183 ἐῶν
1514 2124 1545 2184 ὁ
1574 2123 1888 2203 Μακεδών)

289 2211 592 2270 ἐπείθοντο·
635 2212 840 2271 δοκέειν
873 2212 935 2270 δέ
957 2237 1072 2288 μοι,
1101 2211 1341 2288 ἀρρωδίη
1374 2212 1443 2288 ἦν
1477 2212 1543 2272 τό
1579 2214 1789 2282 πεῖθον,
1818 2211 1891 2276 ὥς

288 2297 557 2358 ἐπύθοντο
591 2300 682 2358 καὶ
718 2298 903 2375 ἄλλην
943 2304 1147 2361 ἐοῦσαν
1187 2299 1445 2376 ἐσβολὴν
1473 2305 1527 2363 ἐς
1555 2299 1890 2363 Θεσσαλοῦς

289 2385 430 2444 κατὰ
479 2386 582 2461 τήν
633 2387 744 2446 ἅνω
807 2387 1159 2463 Μακεδονίην
1213 2387 1303 2446 διὰ
1357 2390 1695 2465 Περραιβῶν
1750 2391 1889 2448 κατὰ

289 2472 492 2533 Γόννον
527 2474 715 2534 πόλιν·
768 2479 944 2553 τῇπερ
983 2475 1050 2552 δή
1093 2477 1186 2534 καὶ
1226 2477 1475 2551 ἐσέβαλε
1506 2475 1545 2550 ἤ
1579 2475 1819 2552 στρατιὴ
1850 2474 1889 2551 ἦ

286 2561 520 2637 Ξέρξεω·
569 2561 913 2637 καταβάντες
954 2563 1012 2622 δὲ
1059 2566 1112 2622 οἱ
1148 2563 1426 2640 ”Ελληνες
1468 2564 1559 2622 ἐπὶ
1601 2564 1701 2626 τοὶς
1748 2564 1889 2633 νέας,

195 2649 308 2710 174
326 2647 510 2708 ὀπίσω
537 2649 864 2728 ἐπορεύοντο
893 2657 948 2716 ἐς
972 2650 1074 2711 τᾶν
1098 2650 1351 2727 Ἰσθμόν.
1422 2650 1577 2728 Αὕτη
1606 2652 1824 2731 ἐγένετο
1850 2648 1889 2726 ἦ

288 2741 342 2800 ἐς
395 2738 723 2815 Θεσσαλίην
777 2740 1069 2815 στρατηίη,
1123 2739 1403 2814 βασιλέος
1463 2764 1527 2798 τε
1579 2740 1894 2815 μέλλοντος

289 2824 596 2899 διαβαίνειν
623 2831 678 2888 ἐς
702 2825 804 2902 τὴν
839 2826 1112 2903 Εὐρώπην
1140 2831 1203 2884 ἐκ
1226 2828 1327 2900 τῆς
1351 2825 1550 2902 Ἀσίης
1578 2826 1670 2884 καὶ
1708 2825 1893 2888 ἐόντος

285 2910 390 2986 ἤδη
433 2917 490 2972 ἐν
529 2912 770 2993 Ἀβίδῳ·
817 2913 1112 2973 Θεσσαλοὶ
1152 2912 1212 2972 δὲ
1256 2914 1623 2990 ἐρημωθέντες
1670 2912 1893 2989 συμμά-

286 3025 418 3076 χων,
446 2999 588 3061 οὕτω
609 3001 675 3076 δὴ
698 3002 971 3078 ἐμήδισαν
991 2999 1287 3078 προθύμως
1307 3000 1419 3060 οὐδ’
1442 3003 1522 3061 ἔτι
1542 3001 1891 3062 ἐνδοιαστῶς·

289 3085 434 3146 ὥστε
475 3092 532 3147 ἐν
571 3092 724 3148 τοῖσι
765 3090 1061 3169 πρήγμασι
1099 3088 1397 3164 ἐφαίνοντο
1430 3089 1673 3164 βασιλέϊ
1702 3086 1894 3163 ἄνδρες

291 3172 469 3237 ἐόντες
494 3177 932 3253 χρησιμώτατοι.

284 3261 311 3273 ἵ

292 3277 310 3302 ¹
413 3265 488 3318 Οἱ
513 3263 572 3320 δὲ
587 3262 866 3338 ’Έλληνες
892 3264 1016 3322 ἐπεί
1045 3287 1107 3322 τε
1144 3261 1383 3321 ἀπίκατο
1424 3266 1481 3323 ἐς
1510 3259 1613 3321 τᾶν
1635 3258 1888 3334 Ἰσθμόν,
