2259 3500
310 97 340 144 6
929 92 1302 144 ‘aroma-0¹1·
1662 109 1669 114 ·
1818 95 1911 162 [V.

311 177 533 246 πόλιας,
561 175 760 236 αὐτίκα
796 173 1291 237 διασκεδασθέντες
1327 170 1447 249 κατ’
1484 173 1717 240 ἐωυτοῦς
1748 175 1913 238 ἔκασ-

307 288 397 324 τοι
429 262 750 340 ἐτράποντο,
781 262 872 322 καὶ
908 262 1283 340 παρεδίδοσαν
1315 261 1498 338 σφέας
1530 261 1731 327 αὐτοῦς
1761 269 1915 326 τοῖσι

309 352 597 430 Πέρσῃσι·
657 349 798 410 οὕτω
853 350 921 426 δὴ
970 349 1229 410 Παιόνων
1293 350 1654 426 Σιροπαίονές
1706 378 1769 412 τε
1822 355 1914 412 καὶ

310 440 606 500 Παιόπλαι
646 438 738 498 καὶ
779 441 834 498 οἰ
878 464 1046 518 μεχρι
1083 442 1187 514 τῆς
1226 437 1555 515 Πρασιάδος
1593 440 1811 517 λίμνης,
1853 443 1917 513 ἐξ

214 531 243 589 1
256 531 288 588 6
309 527 490 604 η’θέων
525 527 942 599 ἐξαναστάντες,
969 552 1175 609 ηγοντο
1212 531 1268 591 ἐς
1296 551 1402 602 την
1438 525 1657 602 Ἀσίην.
1747 531 1823 588 Οἶ
1852 530 1914 590 δὲ

306 618 436 694 περὶ
460 617 527 677 τό
555 617 852 699 Πάγγαιον
879 614 1040 693 οὖρος
1073 616 1165 674 καὶ
1192 615 1462 692 Δόβηρας
1498 615 1589 673 καὶ
1614 609 1914 696 Ἀγριᾶνας

308 705 401 764 καὶ
412 703 794 783 Ὀδομάντους
813 705 904 765 καὶ
925 702 1098 780 αὐτὴν
1116 703 1223 779 τὴν
1242 703 1447 780 λίμνην
1462 728 1568 778 την
1590 703 1910 780 Πρασιάδα,

307 792 408 852 οὐκ
446 793 824 907 ἐχειρώθησαν
848 791 1030 870 α’ρχην
1054 791 1167 852 υπό
1193 790 1564 872 Μεγαβάζου.
1648 791 1911 870 ἐπειρήθη

305 881 366 941 δὲ
392 882 486 941 καὶ
509 882 640 946 τούς
667 887 724 942 ἐν
749 907 822 960 τῃ
795 882 1012 960 ’λίμνῃ
1036 879 1313 956 ἐξαιρέειν,
1344 876 1447 938 ωδε
1463 881 1909 956 κατοικημένους·

306 971 454 1048 ἰκρία
481 971 572 1030 ἐπὶ
598 973 854 1047 σταυρῶν
873 968 1103 1047 ὑψηλῶν
1125 967 1477 1048 ἐζευγμένα’
1450 991 1509 1026 εν
1533 966 1685 1047 μέσῃ
1709 969 1910 1044 ἔστηκε

306 1061 380 1136 τῇ
407 1059 596 1136 λίμνῃ,
621 1057 872 1118 ἔσοδον’
845 1083 906 1116 εκ
930 1060 1034 1133 τῆς
1059 1055 1292 1132 ἠπείρου
1319 1080 1545 1130 στεινην
1583 1057 1783 1134 ἔχοντα
1806 1061 1911 1138 μιῇ

304 1146 547 1226 γεφύρῃ·
599 1173 729 1210 τους
769 1146 828 1205 δε
869 1170 1147 1222 σταυρους
1190 1169 1320 1207 τους
1365 1143 1719 1207 ύπεστεωτας
1756 1149 1911 1206 τοῖσι

309 1234 538 1310 ἰκρίοισι
567 1233 633 1295 τό
659 1233 764 1311 μέν
791 1259 890 1294 κου
917 1232 1153 1312 ἀρχαῖον
1174 1233 1426 1308 ἔστησαν
1452 1235 1609 1312 κοινῇ
1628 1231 1831 1296 πάντες
1857 1237 1911 1293 οἱ

303 1325 591 1398 πολιῆται·
644 1321 788 1398 μετ-οἶ
827 1320 903 1391 δὲ,
935 1320 1086 1401 νόμῳ
1115 1321 1417 1398 χρεώμενοι
1462 1322 1658 1382 ἱστᾶσι
1699 1321 1908 1400 τοιῷδε·

305 1411 624 1487 κομίζοντες
644 1411 705 1481 ἐξ
730 1409 920 1488 οὔρεος
944 1413 1022 1488 τῷ
1049 1407 1257 1485 οὔνομά
1284 1413 1408 1469 ἐστι
1422 1407 1737 1487 Ὄρβηλος,
1767 1409 1909 1470 κατὰ

303 1501 540 1578 γυναῖκα
567 1496 808 1574 ἑκάστην
833 1496 865 1558 ὁ
891 1499 1112 1580 γαμέων
1138 1500 1285 1574 τρεῖς
1311 1496 1587 1575 σταυροΰς
1612 1496 1907 1573 ὑπίστησι·

303 1583 500 1667 ἄγεται
527 1587 586 1646 δὲ
615 1587 850 1650 ἕκαστος
877 1585 1091 1666 συχιῗοὶς
1125 1589 1406 1666 γυναῖκας.
1452 1589 1666 1645 οἰκεῦσι
1701 1585 1763 1644 δὲ
1796 1611 1909 1646 τοι·

301 1677 469 1734 οΰτον
488 1673 715 1753 τρόπον,
739 1672 982 1753 κρατέων
1009 1674 1247 1738 ἕκαστος
1276 1675 1367 1734 ἐπὶ
1390 1679 1501 1734 τῶν
1529 1674 1713 1751 ἰκρίων
1740 1673 1908 1733 καλύ-

303 1762 417 1837 βης
437 1789 500 1824 τε
517 1769 576 1824 ἐν
602 1762 643 1843 ᾗ
669 1764 960 1836 διαιτᾶται,
992 1764 1085 1821 καὶ
1111 1762 1282 1838 θύρης
1307 1764 1663 1835 καταπακτῆς
1682 1761 1773 1820 διὰ
1796 1766 1907 1823 τῶν

301 1851 490 1926 ἰκρίων
529 1850 676 1910 κάτω
717 1850 1002 1926 φερούσης
1037 1853 1092 1911 ἐς
1127 1848 1233 1923 τὴν
1272 1848 1494 1923 λίμνην·
1542 1845 1615 1908 τοὶ
1648 1847 1709 1907 δὲ
1734 1847 1906 1925 νήπια

302 1937 497 1995 παιδία
541 1936 734 1995 δέουσι
771 1938 872 1993 τοῦ
912 1933 1085 1997 ποδὸς
1115 1933 1367 2015 σπάρτῳ,
1398 1933 1480 2011 μὴ
1517 1939 1907 2017 κατακυλισθῇ

301 2021 692 2099 δειμαίνοντες·
765 2024 919 2080 τοῖσι
959 2020 1088 2081 δὲ’
1063 2048 1289 2083 ιπποισι
1330 2024 1423 2083 καὶ
1456 2026 1611 2083 τοῖσι
1644 2023 1903 2107 υποζυγί-

297 2135 418 2169 οισι
448 2110 763 2189 παρέχουσι
793 2108 1000 2188 χόρτον
1041 2111 1218 2219 ἰχθῦς·
1273 2116 1387 2173 τῶν
1424 2111 1485 2171 δε
1522 2113 1744 2189 πλῆθός
1780 2119 1905 2175 ἐστι

296 2202 590 2269 τοσοῦτον,
647 2196 792 2257 ὥστε
838 2195 973 2258 ὅταν
1022 2197 1128 2274 τῆν
1183 2198 1357 2277 θύρην
1397 2200 1503 2276 τὴν
1544 2226 1905 2313 καταπακτην

301 2285 590 2363 ἀνακλίνῃ,
645 2285 821 2346 κατίει
883 2311 1096 2365 σχοινω
1147 2288 1395 2365 σπυρίδα
1454 2313 1640 2364 κεινην
1694 2293 1750 2353 ἐς
1798 2315 1906 2365 την

300 2374 523 2450 λίμνην,
553 2374 645 2433 καὶ
672 2372 736 2434 ού
765 2376 988 2436 πολλον
1012 2399 1137 2435 τινα
1156 2401 1362 2454 χρονον
1383 2376 1650 2456 ἐπισχών,
1670 2375 1903 2457 ἀνασπᾷ

295 2460 518 2539 πλήρεα
571 2461 792 2542 ἰχθύων.
875 2466 986 2522 τῶν
1033 2463 1093 2523 δὲ
1140 2463 1343 2543 ἰχθύων
1389 2466 1514 2525 ἐστὶ
1562 2466 1727 2545 γένεα
1784 2465 1900 2536 δύο,

294 2547 424 2612 τούς
457 2551 728 2610 καλέουσι
758 2548 1056 2627 πάπρακάς
1085 2577 1149 2611 τε
1182 2551 1275 2610 καὶ
1299 2553 1558 2616 τίλωνας.
1642 2552 1899 2613 Παιόνων
1930 2592 1947 2603 -

293 2638 397 2713 μὲν
424 2638 491 2714 δή
521 2642 574 2697 οἱ
597 2638 952 2718 χειρωθέντες
975 2637 1183 2720 ἤγοντο
1212 2644 1266 2703 ἐς
1290 2638 1396 2715 τήν
1418 2638 1641 2716 Ἀσίην.

202 2722 274 2783 17
380 2725 726 2807 Μεγάβαζος
794 2725 854 2785 δὲ
923 2724 994 2789 ὥς
1047 2725 1391 2805 ἐχειρώσατο
1449 2726 1582 2791 τοῦς
1634 2726 1897 2801 Παίονας,

297 2813 506 2890 πέμπει
521 2811 798 2895 άγγέλους
821 2817 876 2877 ἐς
895 2813 1251 2890 Μακεδονίην
1266 2812 1470 2892 ἄνδρας
1490 2815 1631 2877 ἔπτὰ
1652 2816 1897 2893 Πέρσας,

299 2900 354 2959 οἳ
375 2900 497 2978 μετ’
525 2900 696 2961 αὐτὸν
728 2904 909 2963 κεῖνον
943 2899 1095 2976 ἦσαν
1131 2901 1499 2979 δοκιμώτατοι
1532 2908 1591 2964 ἐν
1624 2906 1703 2983 τῷ
1728 2930 1897 2982 στρα·

291 2989 525 3069 τοπέδῳ·
568 2989 884 3067 ἐπέμποντο
909 2988 971 3048 δὲ
998 2988 1153 3051 οὗτοι
1178 2990 1309 3068 παρ’
1332 2990 1614 3069 Ἀμύντην
1640 2991 1899 3068 αἰτήσον-

290 3101 383 3141 τες
405 3081 514 3159 γῆν
539 3104 600 3139 τε
629 3104 721 3141 και
699 3075 884 3155 ὕδωρ
910 3078 1130 3158 Δαρείω
1154 3080 1411 3154 βασιλέϊ.
1478 3081 1601 3141 ἔστι
1626 3081 1739 3140 δὲ’
1712 3107 1773 3140 εκ
1798 3083 1900 3154 τῆς

293 3166 622 3239 Πρασιάδος
666 3168 870 3247 λίμνης
909 3166 1188 3245 σύντομος
1234 3168 1412 3247 κάρτα
1458 3172 1515 3235 ἐς
1558 3195 1663 3245 την
1705 3173 1898 3227 Μακε-

291 3247 496 3328 δονίην·
576 3261 772 3334 πρῶτα
833 3282 940 3333 μεν
989 3282 1101 3334 γαρ
1168 3256 1355 3334 ἔχεται
1406 3261 1509 3335 τῆς
1559 3256 1763 3333 λίμνης
1825 3249 1897 3313 τό
