2259 3500
365 112 581 179 38—43]
1000 113 1309 161 o'rPAmA.
1857 111 1959 159 -235

366 193 595 271 ἔχοντας
641 198 700 252 ἐν
746 194 992 271 φυλακῇ,
1035 192 1108 251 ταῖ
1162 192 1222 251 δὲ
1269 190 1423 252 ἄλλα
1468 191 1707 252 ἀπιέναι·
1788 196 1965 251 ταῦτα

365 280 785 356 πυνθανόμενοι,
815 278 956 339 οὕτω
989 278 1064 355 δῆ
1091 280 1557 357 προσεδεήθησάν
1582 285 1776 355 σφεων
1802 282 1965 356 σχεῖν

367 368 508 444 πρός
531 367 636 444 τήν
663 369 976 443 Σαλαμῖνα.
1059 372 1135 427 Οἱ
1163 371 1267 443 μὲν
1294 369 1362 443 δὴ
1394 367 1566 427 ἄλλοι
1600 368 1877 445 κατέσχον
1910 371 1965 429 ἐς
1982 368 2055 425 41

367 456 471 531 τήν
497 456 806 531 Σαλαμῖνα,
834 455 1124 531 Ἀθηναῖοι
1156 456 1215 515 δὲ
1250 460 1305 519 ἐς
1334 455 1440 530 τὴν
1463 458 1697 514 ἑωυτῶν·
1738 452 1883 531 μετιῗΙ
1908 453 1969 512 δὲ

367 542 474 618 τὴν
511 542 700 613 ἄπιξιν
739 542 996 623 κήρυγμα
1035 542 1392 619 ἐποιήσαντο,
1432 542 1739 618 Ἀθηναίων
1776 544 1848 620 τῇ
1886 552 1973 604 τις

370 630 594 691 δύναται
619 630 817 703 σώζειν
835 630 906 691 ni
923 631 1088 690 τέκνα
1110 656 1175 690 τε
1199 631 1293 689 καὶ
1311 632 1441 693 τούς
1460 632 1691 693 οἰκέτας·
1733 630 1969 691 ἐνθαῦτα

371 722 426 777 οἱ
462 722 566 794 μὲν
604 722 870 779 πλεῖστοι
909 723 966 781 ἐς
1003 719 1277 795 Τροιζῆνα
1318 716 1673 788 ἐπέστειλαν,
1720 720 1775 777 οἱ
1814 718 1873 777 δὲ
1914 722 1969 781 ἐς

375 806 621 885 Αἴγιναν,
663 809 717 864 οἱ
769 806 828 865 δὲ
880 810 934 868 ἐς
975 806 1290 881 Σαλαμῖνα.
1374 806 1656 866 ἔσπευσαν
1696 806 1757 864 δὲ
1794 810 1971 865 ταῦτα

371 891 730 962 ὑπεκθέσθαι,
759 897 834 971 τῷ
855 894 1177 971 χρηστηρίῳ
1204 920 1265 951 τε
1283 892 1627 970 βουλόμενοι
1652 892 1971 970 ὖπηρετέειν

373 980 466 1039 καὶ
512 979 581 1055 δή
629 981 722 1039 καὶ
764 981 926 1040 τοῦδε
971 981 1150 1040 εἵνεκα
1192 980 1290 1040 οὔκ
1334 981 1557 1058 ἥκιστα·
1640 982 1875 1063 λέγουσι
1916 983 1969 1040 οἱ

371 1068 672 1143 Ἀθηναῖοι,
709 1067 845 1144 ὅφιν
885 1069 1064 1150 μέγαν
1105 1070 1335 1145 φύλακα
1374 1072 1474 1145 τῆς
1514 1068 1849 1148 ἀκροπόλιος
1890 1074 1969 1128 ἐν·

371 1155 710 1216 διαιτέεσθαι
743 1162 802 1216 ἐν
829 1160 908 1235 τῷ
938 1159 1054 1235 ἱρῷ·
1094 1157 1336 1237 λέγουσί
1362 1184 1427 1217 τε
1454 1161 1631 1218 ταῦτα
1656 1158 1749 1228 καὶ
1780 1156 1848 1232 δή
1878 1157 1969 1215 καὶ

371 1242 442 1307 ὦς
487 1244 633 1304 ἐόντι
679 1244 940 1322 ἐπιμήνια
981 1246 1333 1304 ἐπιτελέουσι
1374 1247 1743 1322 προτιθέντες·
1810 1244 1882 1303 τοὶ
1924 1243 1970 1303 δ’

373 1331 634 1409 ἐπιμήνια
674 1332 1026 1410 μελιτόεσσιῖ.
1067 1337 1211 1393 ἐστι·
1258 1333 1397 1408 αὕτη
1440 1332 1487 1391 δ’
1527 1333 1567 1409 ἦ
1606 1332 1969 1411 μελιτόεσσα,

373 1424 432 1479 ἐν
469 1424 546 1497 τῷ
585 1419 836 1497 πρόσθεν
877 1421 984 1479 αἰεὶ
1023 1420 1207 1500 χρόνῳ
1250 1420 1702 1499 ἀναισιμουμένη,
1735 1421 1863 1481 τότε
1902 1419 1972 1497 ἦν

373 1505 681 1583 ἄψαυστος·
723 1509 1058 1587 σημηνάσης
1087 1509 1149 1568 δὲ
1183 1512 1359 1569 ταῦτα
1392 1513 1493 1584 τῆς
1532 1510 1713 1586 ἱρείης,
1746 1508 1973 1585 μᾶλλόν

371 1618 428 1652 τι
479 1596 534 1653 οἱ
584 1594 872 1671 Ἀθηναῖοι
925 1597 1017 1655 καὶ
1077 1595 1495 1674 προθυμότερον
1557 1597 1813 1667 ἐξέλιπον
1868 1594 1973 1671 τήν

372 1679 557 1753 πόλιν,
607 1682 679 1745 ὥς
725 1685 816 1741 καὶ
859 1687 960 1760 τῆς
1007 1685 1137 1744 θεοῦ
1182 1683 1619 1760 ἀπολελοιπυίης
1662 1684 1767 1761 τήν
1808 1682 1971 1762 οἷκρό-

371 1773 560 1831 πολιν·
601 1771 671 1834 ὥς
713 1773 776 1832 δέ
815 1778 928 1848 σφι
967 1771 1153 1832 πάντα
1190 1771 1519 1846 ὖπεξέκειτο,
1556 1774 1769 1834 ἔπλωον
1812 1777 1867 1836 ἐς
1905 1771 1972 1831 τὸ

371 1859 770 1936 στρατόπεδον.

435 1946 594 2007 Ἐπεὶ
620 1949 680 2008 δὲ
707 1952 760 2010 οἱ
785 1947 880 2008 ἀπ’
906 1948 1267 2028 Ἀρτεμισίου
1294 1954 1349 2013 ἐς
1376 1950 1673 2027 Σαλαμῖνα
1694 1948 1971 2026 κατέσχον
1985 1950 2065 2008 42

369 2036 468 2100 τσῖς
504 2037 645 2107 νέας,
673 2039 932 2115 συνέρρεε
959 2039 1052 2096 καὶ
1078 2037 1111 2098 ό
1131 2037 1333 2100 λοιπὰς
1367 2037 1779 2114 πυνθανόμενος
1804 2036 1835 2095 ό
1860 2040 1970 2096 τῶν

368 2122 658 2200 Ἑλλήνων
699 2127 952 2188 ναυτικὰς
993 2125 1235 2201 στρατὸς
1280 2129 1341 2182 ἐκ
1388 2127 1701 2201 Τροιζῆνος·
1761 2130 1815 2187 ἐς
1859 2123 1969 2206 γὰρ

371 2211 624 2292 Πώγωνα
641 2212 742 2272 τόν
759 2213 1091 2288 Τροιζηνίων
1109 2213 1311 2288 λιμένα
1336 2214 1634 2290 προείρητο
1655 2214 1968 2294 συλλέγεσ-

372 2298 485 2356 θαι·
527 2299 954 2377 συνελέχθησάν
987 2325 1050 2359 τε
1087 2299 1157 2375 δὴ
1184 2305 1385 2380 πολλῷ
1411 2304 1643 2364 πλεῦνες
1682 2303 1797 2365 νέες
1822 2299 1858 2376 ἦ
1885 2299 1970 2359 ἐπ’

370 2381 706 2464 Ἀρτεμισίῳ
747 2385 1105 2464 ἐναυμάχεον,
1156 2389 1247 2446 καὶ
1291 2387 1403 2447 εἶπὸ
1448 2389 1661 2448 πολίων
1702 2389 1965 2450 πλεύνων.

373 2469 646 2549 ναύαρχος
680 2472 784 2548 μέν
808 2499 906 2533 νυν
932 2478 1071 2549 ἐπῆν
1099 2473 1271 2538 ὦυτὸς
1296 2475 1475 2552 ὅσπερ
1504 2475 1587 2534 ἐπ’
1615 2476 1965 2556 Ἀρτεμισίῳ,

371 2555 724 2635 Εὐρυβιάδης
769 2559 801 2619 ὁ
847 2559 1243 2638 Εὐρυκλείδεω,
1298 2562 1435 2640 ἀνὴρ
1491 2564 1847 2641 Σπαρτιήτης
1902 2564 1967 2623 οὗ

369 2644 560 2720 μέντοι
585 2647 771 2727 γένεός
796 2673 864 2730 γε
888 2652 989 2708 τοῦ
1024 2651 1338 2726 βασιληίου
1374 2651 1493 2710 εἰόν·
1536 2653 1661 2714 νέας
1687 2651 1747 2710 δὲ
1772 2655 1971 2730 πολλῷ

370 2735 645 2798 πλείστας
667 2762 730 2795 τε
755 2738 848 2797 καὶ
875 2735 1080 2814 ἄριστα
1115 2739 1417 2802 πλωούσας
1441 2741 1775 2818 παρείχοντο
1802 2738 1965 2815 Ἀθη-

370 2824 534 2880 ναῖοι.
591 2821 1030 2901 Ἐστρατεῦοντο
1057 2826 1116 2885 δὲ
1136 2826 1276 2886 οἵδε·
1306 2831 1365 2884 ἐκ
1382 2829 1485 2904 μὲν
1506 2825 1964 2902 Πελοποννήσου,
1984 2829 2060 2886 43

370 2909 797 2988 Λακεδαιμόνιοι
813 2914 1098 2972 ἑκκαίδεκα
1111 2917 1247 2990 νῆας
1265 2915 1654 2993 παρεχόμενοι·
1677 2913 1967 2990 Κορίνθιοι

371 2995 430 3055 δὲ
463 2997 531 3058 τό
569 2998 706 3059 αὐτὰ
732 3000 1012 3079 πλήρωμα
1048 3001 1422 3080 παρεχόμενοι
1447 3001 1513 3060 vd
1550 3001 1645 3058 καὶ
1671 2999 1754 3059 ἐπ’
1778 3000 1967 3076 Ἀρτε-

287 3158 292 3164 .
367 3087 558 3166 μισίῳ·
602 3088 888 3152 Σικυώνιοι
925 3089 986 3146 δὲ
1019 3089 1409 3148 πεντεκαίδεκα
1444 3089 1776 3166 παρείχοντο
1812 3091 1965 3163 νῆας·

367 3171 716 3254 Ἐπιδαύριοι
741 3177 800 3236 δὲ
826 3176 976 3235 δέκα·
1017 3177 1329 3253 Τροιζήνιοι
1353 3175 1413 3234 δὲ
1438 3175 1619 3234 πέντε·
1650 3173 1967 3252 Ἑρμιονέες

368 3261 429 3323 δὲ
452 3267 618 3342 τρεῖς·
659 3265 840 3328 ἐόντες
863 3260 1038 3332 οὗτοι,
1062 3262 1219 3338 πλὴν
1250 3261 1599 3339 Ἑρμιονέων,
1628 3262 1879 3339 Δωρικόν
1895 3259 1967 3322 ’τε
