2259 3500
945 2 994 36 ⁹⁴.

362 151 582 216 59—63]
973 133 1382 198 mnpxmxom.
1916 149 1980 198 27

361 233 598 314 ἰσχυρόν
637 231 702 292 οὗ
742 229 1054 309 προεχώρεε
1097 229 1343 298 κάτοδος,
1382 225 1539 286 &Md
1579 226 1965 302 προσέπταιον

359 321 618 400 μεγάλως
654 318 983 395 πειρώμενοι
1021 319 1265 378 κατιέναι
1296 341 1359 380 τε
1392 315 1483 374 καὶ
1512 315 1841 390 ἐλευθεροῦν
1868 314 1968 377 τοὶς

359 407 616 483 Ἀθήνας,
653 407 987 485 Λειψύδριον
1017 406 1084 466 τὸ
1120 404 1261 483 ὑπὲρ
1297 404 1566 480 Παιονίης
1600 403 1967 481 τειχίσαντες·

362 497 598 558 ἐνθαῦτα
625 499 678 555 οἶ
702 495 1135 572 Ἀλκμαιωνίδαι
1166 499 1279 554 πᾶν
1314 494 1404 552 ἐπὶ
1438 496 1593 552 τοῖσι
1620 498 1967 568 Πεισιστρα·

359 585 548 662 τίδῃσι
587 583 992 663 μηχανώμενοι,
1043 581 1174 660 παρ’
1221 579 1645 658 Ἀμφικτυόνων
1688 577 1787 640 τόν
1832 578 1968 654 νηόν

358 673 696 748 μισθοῦνται
721 669 822 732 τόν
855 676 914 731 ἐν
947 675 1255 746 Δελφοῖσι,
1282 670 1381 730 τόν
1416 672 1513 728 νῦν
1545 667 1709 728 ἐόντα
1743 666 1873 726 τότε
1908 667 1969 726 δὲ

362 759 521 830 οὔκω,
562 764 761 820 τοῦτον
803 759 1253 839 ἐξοικοδομῆσαι·
1315 757 1407 816 οἶα
1449 756 1510 816 δὲ
1555 755 1854 835 χρημάτων
1909 755 1967 816 εὖ

361 847 586 922 ἥκοντες
619 847 712 906 καὶ
744 847 924 910 ἐόντες
955 846 1150 924 ἄνδρες
1182 846 1401 923 δόκιμοι
1434 844 1699 906 ἀνέκαθεν
1738 844 1833 914 ἔτι,
1868 842 1968 903 τόν

360 961 422 995 τε
448 935 582 1011 νηὸν
609 936 986 1017 ἐξεργάσαντο
1011 939 1114 996 τοῦ
1140 935 1591 1016 παραδείγματος
1618 931 1867 1001 κάλλιον,
1895 930 1968 991 τά

359 1049 422 1082 τε
449 1022 604 1082 ἅλλα
631 1024 723 1082 καὶ
750 1024 1116 1104 συγκειμένου
1155 1029 1267 1098 σφι
1304 1022 1543 1099 πωρίνου
1574 1021 1737 1080 λίθου
1764 1021 1971 1080 ποιέειν

359 1111 459 1170 τᾶν
499 1110 649 1187 νηόν,
680 1111 900 1188 Παρίου
940 1111 1012 1170 ταῖ
1054 1111 1375 1188 ἔμπροσθεν
1406 1109 1574 1169 αὐτοῦ
1612 1109 1965 1184 ἐξεποίησαν.

359 1197 459 1261 Ὡς
491 1197 566 1258 ὧν
599 1199 666 1274 δὴ
701 1202 754 1258 οἶ
785 1197 1076 1275 Ἀθηνιᾶοι
1109 1200 1363 1281 λέγουσι,
1398 1196 1551 1258 οὗτοι
1592 1201 1643 1256 οἱ
1674 1196 1867 1273 ἇνδρες
1910 1203 1967 1257 ἐν
1986 1199 2057 1256 63

363 1290 654 1361 Δελφοῖσι
674 1285 973 1364 κατήμενοι
1000 1285 1293 1347 ἀνέπειθον
1321 1284 1427 1362 τήν
1455 1287 1674 1361 Πυθίην
1693 1285 1967 1362 χρήμασι,

362 1373 501 1438 ὅκως
544 1375 758 1435 ἔλθοιεν
800 1375 1188 1452 Σπαρτιητέων
1232 1373 1421 1451 ἄνδρες
1466 1375 1571 1434 εἴτε
1622 1374 1735 1451 ἰδίῳ
1776 1373 1965 1451 στόλῳ

365 1461 473 1521 εἴτε
500 1461 750 1540 δημοσίῳ
771 1461 1131 1540 χρησόμενοι,
1154 1463 1459 1538 προφέρειν
1480 1468 1593 1537 σφι
1610 1461 1712 1524 τὰς
1728 1460 1968 1536 Ἀθήνας

365 1550 710 1626 ἐλευθεροῦν.
768 1549 1221 1627 ·Λακεδαιμόνιοι
1262 1551 1337 1619 δὲ,
1383 1548 1452 1613 ὥς
1492 1556 1604 1625 σφι
1646 1550 1751 1608 αἰεὶ
1789 1547 1964 1608 τωύτὸ

364 1634 694 1712 πρόφαντον
725 1637 958 1717 ἐγένετο,
985 1641 1275 1714 πέμπουσι
1298 1637 1669 1718 Ἀγχιμόλιον
1700 1636 1801 1696 τὸν
1832 1636 1967 1698 Ἀσ-

363 1723 540 1801 τέρος,
570 1723 732 1785 ἐόντα
756 1727 866 1785 τῶν
903 1724 1089 1787 ἀστῶν
1125 1725 1299 1804 ἄνδρα
1333 1725 1579 1803 δόκιμον,
1610 1724 1717 1785 σῦν
1745 1730 1967 1805 στρατῷ

364 1811 638 1881 ἐξελῶντα
665 1815 1139 1892 Πεισιστρατίδας
1165 1816 1226 1885 ἐξ
1248 1815 1540 1889 Ἀθηνέων,
1564 1814 1710 1890 ὅμως
1735 1814 1827 1872 καὶ
1862 1813 1965 1881 ξει-

363 1901 510 1965 νίους
549 1908 663 1979 σφι
711 1902 899 1966 ἐόντας
944 1903 1016 1963 ταῖ
1061 1904 1335 1981 μάλιστα·
1398 1903 1468 1961 τοὶ
1518 1902 1629 1984 γὰρ
1682 1905 1782 1961 τοῦ
1834 1901 1965 1961 θεοῦ

363 1990 726 2069 πρεσβύτερα
763 1994 1046 2051 ἐποιεῦντο
1083 1990 1121 2067 ἢ
1152 1992 1225 2051 τοὶ
1255 1996 1366 2051 τῶν
1392 1990 1621 2068 ἀνδρῶν·
1678 1992 1967 2067 πέμπουσι

363 2076 423 2135 δὲ
471 2079 699 2143 τούτους
741 2079 880 2139 κατ-οἷ
927 2078 1233 2141 θάλασσαν
1279 2081 1554 2140 πλοίοισι.
1664 2078 1695 2139 ὁ
1741 2082 1845 2155 μὲν
1897 2078 1965 2154 δὴ

363 2167 634 2245 προσχῶν
661 2172 716 2231 ἐς
743 2167 1023 2245 Φάληρον,
1052 2167 1157 2243 τήν
1186 2165 1458 2244 στρατιὴν
1490 2158 1772 2243 ἀπέβησε·
1816 2171 1869 2227 οἱ
1903 2167 1962 2225 δὲ

363 2255 830 2332 Πεισιστρατίδαι
849 2255 1367 2331 προπυνθανόμενοι
1384 2260 1577 2326 ταῦτα,
1600 2256 1965 2315 ἐπεκαλέοπο

365 2346 424 2399 ἐκ
452 2344 780 2418 Θεσσαλίης
821 2344 1157 2420 ἐπικουρίην·
1201 2344 1499 2419 ἐπεποίητο
1525 2343 1635 2425 γάρ
1674 2349 1787 2419 σφι
1824 2369 1964 2420 συμ-

361 2429 542 2507 μαχίη
582 2428 724 2507 πρὸς
767 2429 983 2493 αὐτούς·
1043 2430 1341 2490 Θεσσαλοὶ
1385 2431 1449 2489 δέ
1494 2438 1606 2507 σφι
1655 2431 1967 2507 δεομένοισι

362 2514 717 2595 ἀπέπεμψαν,
745 2522 901 2597 κοινῇ
919 2517 1113 2599 γνώμῃ
1141 2517 1461 2597 χρεώμενοι,
1489 2520 1681 2598 χιλίην
1706 2544 1768 2577 τε
1797 2518 1967 2578 ἵππον

364 2604 456 2663 καὶ
483 2604 584 2665 τᾶν
617 2607 875 2683 βασιλέα
909 2606 1008 2667 τὸν
1046 2608 1330 2683 σφέτερον
1372 2608 1593 2682 Κινέην,
1638 2606 1811 2683 ἄνδρα
1850 2612 1965 2665 Κο-

362 2695 556 2764 νιαῖον·
612 2694 741 2759 τοῦς
785 2694 908 2753 ἐπεί
943 2720 1006 2754 τε
1048 2695 1221 2773 ἔσχον
1271 2691 1605 2773 συμμάχους
1662 2697 1715 2755 οἱ
1768 2699 1965 2753 Πεισι-

363 2781 670 2856 στρατίδαι,
709 2782 1056 2861 ἐμηχανέατο
1083 2782 1291 2842 τοιάδε·
1332 2784 1608 2861 κείραντες
1633 2787 1743 2843 τῶν
1770 2785 1957 2857 Φαλη-

361 2865 500 2942 ρέων
529 2868 597 2927 τό
634 2870 840 2943 πεδίον,
888 2871 980 2929 καὶ
1023 2869 1341 2947 ἱππάσιμον
1386 2872 1721 2947 ποιήσαντες
1765 2873 1965 2928 τοῦτον

361 2954 460 3013 τόν
519 2960 718 3033 χῶρον,
782 2962 992 3033 ἐπῆκαν
1050 2962 1128 3037 τῷ
1190 2959 1549 3039 στρατοπέδῳ
1602 2959 1705 3035 τὴν
1771 2958 1961 3016 ἵππον·

363 3046 694 3119 ἐμπεσοῦσα
751 3046 810 3104 δὲ
859 3047 1141 3123 διέφθειρε
1187 3046 1398 3111 ἄλλους
1449 3073 1513 3108 τε
1559 3044 1811 3107 πολλοῦς
1850 3049 1959 3104 τῶν

358 3130 808 3209 Λακεδαιμονίων
861 3134 954 3193 καὶ
1008 3135 1076 3211 δὴ
1120 3135 1212 3193 καὶ
1263 3134 1361 3195 τόν
1400 3134 1787 3215 Ἀγχιμόλιον,
1830 3132 1961 3195 τοῦς

358 3219 420 3280 δὲ
478 3222 934 3302 περιγενομένους
997 3222 1179 3284 αὐτῶν
1234 3227 1288 3284 ἐς
1339 3222 1441 3284 τὰς
1481 3222 1607 3282 νέας
1672 3219 1959 3297 κατέρξαν.

359 3306 392 3369 ὅ
438 3310 544 3387 μὲν
593 3308 674 3385 δῆ
711 3314 930 3387 πρῶτος
975 3310 1187 3372 στόλος
1236 3313 1296 3367 ἐκ
1356 3306 1769 3381 Λακεδαίμονος
1820 3305 1961 3367 οὕτω
