2259 3500
314 139 378 185 aa
921 137 1289 187 ‘HPOAOTOT
1792 136 1913 200 [vl.

313 217 452 294 δίην,
507 216 744 294 νεώτερα
804 217 1058 294 ἔπρησσε
1109 217 1415 298 πρήγματα
1467 216 1739 281 συνιστοὶς
1789 217 1920 282 τούς

315 305 591 383 Ἀρκάδας
637 305 729 364 ἐπὶ
768 310 840 384 τῇ
884 305 1131 384 Σπάρτῃ,
1174 305 1386 369 ἄλλους
1416 331 1479 366 τε
1512 306 1709 383 ὅρκους
1741 332 1920 383 προσ-

315 393 464 473 άγων
527 401 656 471 σφι,
709 393 748 469 ἦ
801 393 914 470 μὴν
983 395 1226 472 ἔψεσθαί
1283 400 1467 470 σφεας
1519 394 1666 474 αὐτῷ
1716 399 1789 474 τῇ
1851 393 1920 456 ἂν

317 481 598 562 ἐξηγῆται,
643 482 735 540 καὶ
775 481 844 557 δὴ
883 483 978 541 καὶ
1015 488 1070 546 ἐς
1101 482 1397 558 Νώνακριν
1426 483 1597 543 πόλιν
1631 482 1918 560 πρόθυμος

313 567 386 644 ἦν
403 575 514 629 τῶν
530 568 815 646 Ἀρκάδων
837 569 967 633 τούς
985 574 1371 647 προεστεῶτας
1389 567 1634 650 ἀγινέων,
1656 571 1919 647 ἐξορκοῦν
1932 566 1945 577 ⁰

318 655 385 715 τό
435 657 647 738 Στυγὸς
698 656 864 735 ὕδωρ.
943 657 1028 739 [ἐν
1068 657 1128 717 δὲ
1167 657 1341 734 ταύτῃ
1388 661 1462 736 τῇ
1502 657 1641 716 πόλι
1688 659 1917 739 λέγεται

317 743 457 804 εἶναι
495 745 587 804 ὕπ’
620 745 904 823 Ἀρκάδων
942 745 1008 806 τό
1049 744 1267 826 Στυγὸς
1310 745 1499 827 ὕδωρ]
1582 746 1674 805 καὶ
1713 745 1781 820 δὴ
1824 743 1933 805 καῖ’

319 833 441 893 ἔστι
471 833 684 894 τοιόνδε
714 859 788 894 τι·
841 832 985 910 ὕδωρ
1020 832 1217 914 ὀλίγον
1250 832 1589 909 φαινόμενον
1620 839 1681 892 ἐκ
1712 835 1919 910 πέτρης

318 920 512 991 στάζει
543 926 598 984 ε’ς
628 921 816 1002 ἄγκος·
861 920 930 981 τό
963 921 1023 980 δὲ
1056 919 1228 1001 ἄγκος
1261 923 1531 998 αἱμασιῆς
1562 946 1645 984 τις
1676 922 1917 998 περιθέει
1944 951 1952 970 ·

319 1007 540 1071 κύκλος.
597 1008 634 1084 ἦ
663 1008 721 1067 δὲ
743 1008 1048 1085 Νώνακρις,
1071 1013 1130 1068 ε’ν
1156 1013 1225 1087 τῇ
1252 1007 1289 1084 ἦ
1317 1007 1473 1089 πηγὴ
1496 1007 1634 1084 αὕτη
1653 1008 1919 1090 τυγχάνει

223 1094 299 1157 75
319 1100 510 1166 εὀῦσα,
537 1095 704 1159 πόλις
739 1096 863 1156 ἐστὶ
889 1100 989 1172 τῆς
1014 1095 1310 1172 Ἀρκαδίης
1345 1095 1486 1172 πρὸς
1511 1099 1709 1174 Φενεῷ.
1792 1102 1918 1154 Μα-

319 1182 510 1246 θόντες
563 1184 622 1243 δὲ
667 1183 1096 1260 Λακεδαιμόνιοι
1145 1184 1471 1260 Κλεομένεα
1516 1187 1691 1244 ταῦτα
1736 1184 1918 1262 πρήσν·

318 1297 512 1342 σοντα,
541 1275 786 1353 κατ-ἦγον
813 1271 982 1332 αὖτόν
1013 1271 1297 1335 δείσαντες
1322 1271 1415 1330 ἐπὶ
1438 1273 1595 1332 τοῖσι
1621 1271 1843 1331 αὐτοῖσι
1864 1277 1918 1336 ἐς

321 1359 586 1438 Σπάρτην
619 1365 774 1420 τοῖσι
813 1360 906 1419 καὶ
941 1359 1215 1438 πρότερον
1247 1358 1407 1438 ἦρχε.
1491 1357 1832 1420 κατελθόντα
1858 1360 1919 1419 δὲ

319 1446 490 1514 αὗτὸν
515 1448 711 1508 αὐτίκα
745 1447 1004 1524 ὖπέλαβε
1031 1448 1204 1525 μανίη
1238 1451 1440 1511 νοῦσος
1466 1447 1628 1508 ε’όντα
1654 1447 1748 1506 καὶ
1784 1448 1917 1526 πρό-

263 1555 270 1566 ’
319 1561 481 1614 τερον
511 1535 986 1617 ὑπομαργότερον·
1027 1535 1167 1600 ὅκως
1200 1534 1311 1616 γάρ
1336 1561 1441 1614 τεῳ
1480 1534 1701 1613 ἐντύχοι
1733 1537 1919 1612 Σπαρ-

319 1626 564 1700 τιητέων,
609 1625 868 1702 ἐνέχραυε
911 1629 966 1688 ἐς
1009 1623 1079 1686 τό
1123 1622 1433 1702 πρόσωπον
1485 1623 1552 1683 vd
1609 1627 1919 1702 σκῆπτρον·

319 1718 581 1775 ποιεῦντα
601 1714 661 1775 δὲ
681 1712 850 1774 αὖτόν
867 1717 1044 1775 ταῦτα
1064 1713 1157 1774 καὶ
1176 1711 1699 1791 παραφρονήσαντα
1714 1712 1919 1789 ἔδησαν

323 1806 376 1862 οἳ
407 1802 784 1879 προσήκοντες
825 1806 884 1861 ἐν
923 1801 1090 1881 ξύλῳ·
1140 1800 1172 1861 ὁ
1213 1801 1273 1860 δὲ
1313 1801 1488 1864 δεθεὶς
1518 1799 1618 1859 τὸν
1656 1799 1917 1875 φύλακον

319 1892 669 1967 μουνωθέντα
698 1889 824 1950 ἰδών
848 1893 958 1949 τῶν
976 1887 1171 1949 ἄλλων
1196 1889 1344 1948 αἴτεε
1368 1888 1667 1966 μάχαιραν,
1695 1886 1759 1947 οὗ
1782 1890 1921 1965 βου-

321 1979 563 2054 λομένου
595 1978 656 2037 δὲ
683 1977 756 2037 τὰ
788 1980 982 2053 πρῶτα
1015 1980 1118 2036 τοῦ
1150 1976 1411 2052 φυλάκου
1436 1976 1665 2044 διδόναι,
1694 1974 1921 2035 ἀπείλεε

317 2065 390 2126 τά
427 2091 525 2142 μιν
563 2064 718 2129 αὖτις
757 2062 1032 2140 ποιήσειε·
1081 2069 1137 2127 ἐς
1178 2063 1209 2123 ὃ
1250 2064 1440 2129 δείσας
1477 2062 1578 2126 τὰς
1619 2061 1859 2125 άπειλσῖς
1888 2063 1919 2122 ὁ

323 2152 742 2228 φύλακος,--·ἦν
780 2152 891 2232 γοῖρ
931 2156 1041 2212 τῶν
1076 2178 1161 2215 τις
1192 2151 1701 2221 εἱλωτέων,-διδοῖ
1732 2152 1787 2209 οἱ
1816 2150 1922 2227 μά·-

319 2265 540 2319 χαιραν·
571 2241 898 2317 Κλεομένης
931 2240 992 2301 δὲ
1023 2238 1381 2317 παραλαβών
1411 2238 1511 2305 τὸν
1547 2240 1798 2317 σίδηρον,
1827 2237 1921 2315 ἅρ-

301 2353 454 2407 ,χετο
480 2333 540 2387 ἐκ
565 2330 678 2389 τῶν
714 2328 962 2405 κνημέων
998 2326 1200 2387 ἑωυτᾶν
1226 2325 1582 2404 λωβώμενος·
1610 2326 1924 2403 ἐπιτάμνων

321 2415 432 2496 γσῖρ
486 2417 628 2477 κατοὶ
681 2420 860 2492 μῆκος
911 2415 1014 2479 ταῖς
1067 2413 1284 2493 σάρκας
1328 2414 1643 2491 προύβαινε
1696 2420 1757 2475 ε’κ
1811 2418 1923 2475 τῶν

323 2505 568 2580 κνημέων
607 2508 663 2568 ε’ς
693 2503 823 2567 τούς
853 2503 1081 2581 μηροΰς,
1117 2508 1177 2562 ἐκ
1218 2503 1278 2563 δὲ
1312 2506 1424 2563 τῶν
1454 2507 1647 2580 μηρῶν
1684 2504 1737 2567 ἔς
1761 2527 1825 2563 τε
1850 2501 1923 2561 τά

323 2592 483 2669 ἰσχία
509 2592 602 2651 καὶ
627 2590 728 2655 τοὶς
753 2591 1032 2669 λαπάρας·
1060 2596 1116 2654 ἐς
1136 2589 1168 2651 ὃ
1190 2596 1245 2655 ἐς
1268 2588 1375 2665 τῆν
1392 2591 1646 2670 γαστέρα
1670 2589 1921 2659 ἀπίκετο,

325 2680 418 2738 καὶ
456 2680 662 2755 ταύτην
703 2678 1132 2758 καταχορδεύων.
1164 2677 1407 2738 α’πέθανε
1442 2677 1630 2758 τρόπῳ
1669 2677 1921 2759 τοιούτῳ·

322 2766 394 2830 ὦς
418 2770 521 2843 μὲν
548 2770 602 2827 οἱ
628 2768 840 2827 πολλοὶ
866 2768 1105 2848 λέγουσι
1129 2764 1437 2841 Ἑλλήνων,
1466 2764 1554 2825 ὅτι
1578 2765 1683 2841 τὴν
1702 2766 1924 2842 Πυθίην

294 2854 598 2936 ιᾶνέγνωο·ε
634 2854 705 2915 τοὶ
740 2855 868 2933 περὶ
910 2854 1253 2932 Δημάρητον
1283 2851 1556 2934 γενόμενα
1596 2856 1801 2935 λέγειν·
1850 2852 1924 2918 ὥς

355 2945 381 3001 ὲ
431 2942 718 3019 Ἀθηναῖοι
771 2947 970 3020 μοῦνοι
1021 2944 1274 3022 λέγουσι,
1326 2941 1468 3002 διότι
1518 2946 1573 3005 ἐς
1618 2941 1924 3001 Ἐλευσῖνα

321 3032 589 3107 ἐσβαλών
617 3033 786 3109 ἔκειρε
810 3031 876 3090 τό
903 3032 1128 3106 τέμενος
1146 3034 1256 3089 τῶν
1278 3031 1435 3091 θεῶν·
1480 3029 1549 3092 ὥς
1575 3029 1633 3089 δὲ
1656 3029 1921 3109 Ἀργεῖοι,

322 3118 408 3177 ὅτι
446 3120 508 3189 ἐξ
539 3124 660 3198 ἶροΰ
693 3120 876 3181 αὖτῶν
917 3122 1019 3179 τοῦ
1040 3117 1259 3198 Ἀργου
1292 3116 1562 3198 Ἀργείων
1595 3116 1725 3178 τούς
1756 3139 1922 3174 κατα-

322 3206 603 3287 φυγόντας
636 3213 696 3267 ε’κ
727 3212 829 3284 τῆς
861 3206 1050 3286 μάχης
1090 3204 1427 3287 καταγινέων
1467 3204 1786 3265 κατέκοπτε,
1828 3198 1919 3257 καὶ

323 3292 457 3350 αὐτὰ
482 3294 550 3353 τὸ
579 3295 762 3358 ἄλσος
787 3302 847 3357 ε’ν
875 3294 1086 3374 ἀλογίῃ
1115 3294 1256 3372 ἔχων
1281 3292 1569 3367 ἐνέπρησε,
