2259 3500
289 114 384 163 '230'
897 112 1265 165 ‘HPOAo'ror
1698 114 1885 179 [vm.

293 194 388 255 καὶ
417 192 710 253 Μακεδνόν
743 194 916 262 ἔθνος,
954 193 1016 261 ἐξ
1047 191 1295 269 Ἐρινεοῦ
1330 218 1391 251 τε
1430 195 1522 251 καὶ
1558 194 1771 253 Πίνδου
1798 198 1889 255 καὶ

287 287 390 358 τῆς
422 282 734 359 Δρυοπίδος
767 279 983 339 ὕστατα
1019 271 1368 357 ὁρμηθέντες·
1412 285 1467 340 οἱ
1492 281 1551 339 δὲ
1575 281 1891 358 Ἑρμιονέες

293 370 403 429 εἰσὶ
429 368 697 447 Δρύοπες,
725 367 834 428 im}
861 368 1171 444 Ἡρακλέος
1196 395 1258 427 τε
1284 369 1375 427 καὶ
1412 371 1679 445 Μηλιέων
1705 376 1767 429 ἐκ
1791 377 1891 448 τῆς

293 463 388 518 νῦν
416 458 662 534 Δωρίδος
687 458 1026 534 καλεομένης
1050 456 1235 535 χώρης
1262 456 1671 525 ἐξαναστάντες.
1738 458 1891 520 οὗτοι

200 548 277 606 44
291 546 395 623 μέν
435 570 531 605 νυν
579 546 1053 620 Πελοποννησίων
1100 544 1519 621 ἐστρατεύοντο.
1604 550 1679 605 Οἱ
1724 547 1785 605 δὲ
1832 554 1891 607 ἐκ

283 630 394 710 ’τῆς
421 634 522 704 ἔξω
566 633 820 711 ἠπείρου·
861 633 1150 709 Ἀθηναῖοι
1196 635 1315 709 μὲν,
1352 632 1491 710 πρός
1525 633 1735 698 πάντας
1764 636 1893 700 τούς

295 720 506 787 ἄλλους
558 722 932 801 παρεχόμενοι
975 725 1111 797 νῆας
1164 720 1479 803 ὀγδώκοντα
1533 724 1624 781 καὶ
1678 725 1885 799 ἐκατὸν,

295 816 510 887 μοῦνοι·
553 817 611 871 ἐν
637 812 916 887 Σαλαμῖνι
950 809 1062 891 γὰρ
1100 809 1165 870 ού
1202 809 1707 888 συνεναυμάχησαν
1732 816 1892 871 Πλα-

296 900 472 963 ταιέες
503 900 869 975 Ἀθηναίοισι,
909 898 1000 958 διὰ
1033 898 1247 957 τοιόνδε
1285 901 1559 977 πρῆγμα·-
1592 896 1893 959 ἀπαλλασ-

297 988 550 1063 σομένων
601 990 712 1047 τῶν
763 985 1053 1061 Ἑλλήνων
1093 984 1205 1044 ‹in-<3
1252 988 1353 1043 τοῦ
1399 984 1773 1061 Ἀρτεμισίου,
1824 988 1895 1051 ὦς

300 1076 546 1155 ἐγίνοντο
581 1072 720 1133 κατὰ
733 1126 740 1131 .
754 1073 1028 1141 Χαλκίδα,
1067 1076 1120 1131 οἱ
1154 1073 1467 1135 Πλαταιέες
1497 1072 1813 1149 ἀποβάντες
1839 1080 1894 1138 ἐς

295 1162 402 1236 τὴν
443 1162 676 1237 περαίην
721 1164 822 1235 τῆς
877 1162 1141 1235 Βοιωτίης
1185 1159 1371 1237 χώρης
1414 1158 1557 1236 πρὸς
1604 1162 1895 1238 ἐκκομιδὴν

301 1248 605 1326 ἐτράποντο
657 1251 768 1308 τῶν
819 1248 1086 1307 οἰκετέων.
1170 1246 1323 1309 οὗτοι
1374 1250 1479 1324 μέν
1530 1274 1625 1308 νυν
1669 1248 1895 1313 τούτους

301 1335 572 1407 σώζοντες
592 1335 960 1411 ἐλείφθησαν.
1012 1334 1301 1411 Ἀθηναῖοι
1326 1336 1401 1409 δὲ,
1433 1337 1524 1395 ἐπὶ
1541 1339 1646 1413 μὲν
1666 1342 1892 1397 Πελασ-

299 1428 415 1503 γῶν
467 1422 703 1502 ἐχόντων
753 1423 856 1500 τήν
901 1428 998 1483 νῦν
1041 1422 1295 1483 Ἑλλάδα
1349 1423 1705 1501 καλεομένην,
1746 1424 1895 1501 ἦσαν

301 1512 600 1592 Πελασγοὶ
625 1511 1056 1588 ούνομαζόμενοι
1088 1513 1359 1589 Κραναοί·
1402 1513 1493 1570 ἐπὶ
1520 1512 1579 1571 δὲ
1607 1514 1895 1589 Κέκροπος

300 1601 576 1675 βασιλέος
611 1601 1003 1675 ἐπεκλήθησαν
1040 1601 1405 1678 Κεκροπίδαι·
1444 1600 1803 1677 ἐκδεξαμένου
1836 1603 1895 1661 δὲ

297 1686 593 1770 Ἐρεχθέος
635 1689 738 1764 τὴν
779 1688 975 1767 άρχήν,
1018 1688 1082 1748 'A
1090 1690 1307 1766 θηναῖοι
1358 1688 1893 1768 μετωνομάσθησαν·

291 1775 481 1842 Ἴωνος
521 1778 581 1836 δὲ
619 1781 720 1836 τοῦ
756 1777 974 1839 Ξούθου
1011 1777 1373 1856 στρατάρχεω
1402 1778 1717 1859 γενομένου·
1731 1777 1894 1854 Ἀθη-

205 1866 284 1923 45
301 1865 523 1935 ναίοισι,
552 1864 873 1940 ἐκλήθησαν
900 1865 1011 1924 άπό
1037 1865 1237 1925 τούτου
1253 1865 1457 1928 Ἴωνες.
1526 1867 1811 1946 Μεγαρέες
1836 1867 1895 1924 δὲ

300 1950 476 2012 τῶυτό
511 1949 792 2029 πλήρωμα
826 1953 1160 2030 παρείχοντο
1192 1953 1257 2013 τό
1298 1954 1388 2012 καὶ
1426 1954 1509 2012 ἐπ’
1541 1953 1892 2033 Ἀρτεμισίῳ·

305 2039 722 2116 Ἀμπρακιῶται
763 2039 823 2098 δὲ
869 2039 1006 2098 ἑπτά
1058 2041 1183 2102 νέας
1236 2042 1453 2120 ἔχοντες
1506 2041 1893 2118 ἐπεβώθησαν·

302 2127 596 2186 Λευκάδιοι
631 2126 690 2184 δὲ
714 2130 878 2202 τρεῖς·
922 2127 1074 2190 ἔθνος
1107 2129 1287 2192 ἐόντες
1324 2127 1477 2188 οὗτοι
1504 2129 1753 2206 Δωρικὸν
1784 2128 1894 2190 οἷπό

209 2218 284 2274 46
305 2215 603 2290 Κορίνθου.
659 2215 998 2289 Νησιωτέων
1023 2215 1096 2285 δὲ,
1119 2220 1413 2297 Αἰγινῆται
1438 2218 1733 2295 τριήκοντα
1758 2243 1895 2294 παρ·

305 2301 540 2380 είχοντο.
619 2300 769 2378 ἦσαν
808 2303 912 2381 μέν
951 2310 1063 2380 σφι
1111 2306 1203 2362 καὶ
1251 2305 1425 2364 ἄλλαι
1470 2307 1897 2383 πεπληρωμέναι

304 2391 437 2452 νέες·
485 2389 639 2449 άλλιὶ
679 2395 814 2470 τῇσι
850 2393 952 2468 μὲν
987 2392 1090 2468 τὴν
1123 2397 1332 2454 ἑωυτῶν
1364 2392 1715 2468 ἐφύλασσον,
1747 2393 1897 2470 τριή-

306 2503 474 2537 κοντα
501 2477 560 2536 δὲ
585 2481 718 2556 τῇσι
747 2478 952 2556 ἄριστα
981 2481 1319 2560 πλωούσῃσι
1348 2487 1404 2540 ἐν
1432 2483 1710 2558 Σαλαμῖνι
1748 2486 1897 2540 ἐναυ-

303 2563 588 2643 μάχησαν.
637 2569 932 2647 Αἷγινῆται
949 2568 1012 2626 δέ
1029 2573 1141 2627 εἶσι
1158 2570 1394 2646 Δωριέες
1412 2569 1525 2628 ‹in-6
1544 2568 1897 2644 Ἐπιδαύρου·

301 2656 374 2732 τῇ
409 2653 468 2712 δὲ
505 2653 658 2733 νήσῳ
689 2653 962 2732 πρότερον
997 2656 1205 2734 οὕνομα
1238 2655 1309 2730 ἦν
1346 2657 1578 2733 Οἰνώνη.
1662 2655 1805 2734 μετὰ
1840 2656 1900 2714 δὲ

304 2741 618 2822 Αἰγινήτας,
677 2743 982 2806 Χαλκιδέες
1031 2744 1130 2808 τάς
1185 2744 1267 2804 ἐπ’
1320 2744 1656 2824 Ἀρτεμισίῳ
1722 2745 1899 2803 εἴκοσι

302 2829 675 2910 παρεχόμενοι
701 2830 792 2891 καὶ
810 2830 1110 2908 Ἐρετριέες
1136 2833 1236 2897 τάς
1262 2833 1399 2893 ἑπτά
1406 2859 1418 2873 ·
1462 2830 1615 2892 οὗτοι
1640 2833 1701 2892 δὲ
1715 2831 1901 2895 Ἴωνές

305 2921 434 2976 εἰσι.
514 2917 658 2993 μετοὶ
689 2919 766 2988 δὲ,
796 2923 956 2979 Κεῖοι
985 2921 1086 2983 τὰς
1122 2920 1292 2984 αύτσῖς
1322 2920 1710 2999 παρεχόμενοι,
1746 2921 1901 2982 ἔθνος

304 3004 396 3064 ἐὸν
423 3004 666 3066 Ἰωνικόν
697 3005 812 3066 ἐπεὶ
844 3006 1140 3084 Ἀθηνέων.
1222 3009 1427 3078 Νάξιοι
1468 3009 1527 3066 δὲ
1566 3009 1901 3085 παρείχοντο

302 3093 592 3170 τέσσερας,
621 3093 1080 3180 ἀποπεμφθέντες
1117 3099 1223 3173 μὲν
1262 3101 1317 3158 ἐς
1354 3096 1483 3158 τούς
1523 3095 1753 3170 Μήδους
1790 3093 1901 3152 ύπό

301 3182 410 3238 τῶν
429 3181 739 3258 πολιητέων
761 3183 1003 3261 κατάπερ
1021 3182 1201 3243 ὧλλοι
1215 3187 1498 3259 νησιῶται,
1516 3182 1901 3261 ἀλογήσαντες

303 3264 362 3321 δὲ
395 3270 504 3325 τῶν
543 3271 808 3330 ἐντολέων
839 3269 1080 3332 ἀπίκατο
1113 3277 1169 3335 ἐς
1202 3271 1333 3332 vois·
1360 3270 1663 3344 Ἕλληνας,
1708 3276 1899 3344 Δημο-
