2259 3500
313 108 414 157 250
915 105 1285 160 ἩΡοΔοϊοί·
1733 105 1924 170 [vm.

324 182 488 249 οὗτος
511 182 658 261 ὅνῆρ
684 182 825 247 στὰς
861 182 954 243 ἐπὶ
977 181 1045 243 τό
1077 182 1381 260 συνέδριον,
1408 182 1729 253 ἐξεκαλέετο
1760 186 1927 262 Θεμι-

325 270 586 350 στοκλῆα
624 270 788 331 ἐόντα
822 272 927 347 μὲν
961 274 1141 349 ἑωυτῷ
1180 270 1245 331 οὗ
1290 272 1464 346 φίλον
1506 269 1711 349 ἐχθρὸν
1753 271 1813 329 δὲ
1856 272 1929 332 τὰ

326 360 598 437 μάλιστα·
667 357 776 418 ὖπὸ
818 359 878 417 δὲ
915 357 1189 439 μεγάθεος
1236 362 1345 418 τῶν
1390 358 1707 436 παρεόντων
1748 365 1929 419 κακῶν

327 447 510 523 λήθην
551 447 767 507 ἐκείνων
803 444 1128 521 ποιεύμενος
1184 446 1521 515 ἐξεκαλέετο,
1564 446 1743 505 θέλων
1784 444 1929 525 αὖτῷ

245 587 253 595 .
329 535 620 612 συμμίξαι·
661 532 976 610 προακήκοε
1001 533 1061 591 δὲ
1087 532 1178 592 ὅτι
1201 531 1495 593 σπεύδοιεν
1524 536 1576 591 οἱ
1602 532 1715 593 α’πό
1744 538 1927 592 Πελο-

329 623 614 698 ποννήσου
641 620 865 701 ἐνάγειν
888 619 989 684 τὰς
1015 622 1152 693 νῆας
1180 618 1321 697 πρός
1350 618 1452 679 τὸν
1476 618 1728 695 Ἰσθμόν·
1772 620 1843 682 ὦς
1868 621 1929 679 δὲ

329 710 535 785 ἐξῆλθέ
585 713 640 769 οἱ
693 708 1126 785 Θεμιστοκλέης,
1176 708 1335 789 ἔλεγε
1377 706 1725 783 Ἀριστείδης
1775 708 1926 767 τάδε·

331 796 556 874 Ῠ“ἦμέας
581 796 908 867 στασιάζειν
933 795 1101 875 χρεόν
1134 800 1260 856 ἐστι
1294 796 1351 855 ἔν
1384 820 1447 855 τε
1470 798 1549 873 τῷ
1572 793 1733 874 ἄλλῳ
1761 801 1954 875 καιρῷ·

330 886 422 957 καὶ
449 886 517 962 δὴ
547 886 640 945 καί
679 890 737 945 ἐν
769 884 922 961 τῷδε,
958 884 1088 960 περὶ
1121 888 1223 943 τοῦ
1264 882 1521 958 ὁκότερος
1554 881 1737 958 ἡμέων
1772 884 1929 942 πλέω

329 970 515 1052 οἷγαθά
538 971 645 1049 τήν
668 972 912 1048 πατρίδα
939 970 1256 1051 ἐργάσεται·
1294 973 1443 1051 λέγω
1470 970 1534 1029 δέ
1554 995 1655 1043 τοι,
1688 970 1776 1030 ὅτι
1799 970 1932 1031 ἶσόν

329 1064 452 1119 ἐστι
478 1058 672 1119 πολλά
695 1084 759 1119 τε
796 1059 890 1116 καὶ
927 1056 1096 1139 ὀλίγα
1131 1058 1321 1138 λέγειν
1344 1058 1474 1133 περὶ
1508 1056 1805 1117 ἀποπλόου
1828 1062 1930 1119 τοῦ

331 1147 577 1207 ἐνθεῦτεν
609 1146 1147 1221 Πελοποννησίοισι·
1217 1144 1326 1226 ἐγω
1371 1170 1481 1225 γαρ
1525 1143 1829 1221 αὐτόπτης
1842 1172 1931 1205 τοι

329 1233 479 1313 λέγω
514 1233 822 1313 γενόμενος,
855 1231 942 1291 ὅτι
979 1236 1094 1303 νῦν,
1131 1231 1307 1293 οὐδ’*
1272 1259 1341 1308 ην
1379 1233 1607 1302 θέλωσι,
1640 1234 1938 1309 Κορίνθιοί

329 1346 392 1380 τε
419 1321 512 1379 καὶ
537 1319 702 1383 αὖτος
726 1318 1080 1396 Ευρυβιαδης
1120 1320 1235 1379 οἶοί
1264 1346 1326 1380 τε
1360 1322 1583 1379 ἔσονται
1620 1324 1929 1380 ἐκπλῶσαι·

329 1408 702 1487 περιεχόμεθα
753 1406 870 1488 γὰρ
913 1406 1033 1467 ὕπο
1063 1410 1174 1469 τῶν
1212 1408 1499 1485 πολεμίων
1538 1405 1739 1486 κύκλῳ·
1797 1406 1929 1466 ἀλλ’

238 1498 314 1555 80
333 1497 579 1557 ἐσελθών
636 1502 749 1573 σφι
811 1500 985 1557 ταῦτα
1051 1496 1325 1575 σήμῃνον.
1326 1495 1357 1515 ”
1437 1496 1505 1554 ‘O
1561 1494 1607 1553 δ’
1660 1495 1931 1572 ἀμείβετο

331 1585 542 1644 τοῖσδε·
627 1596 661 1621 “
678 1584 854 1661 κάρτα
913 1610 975 1646 τε
1034 1610 1261 1694 χρηστα
1322 1581 1662 1643 διακελεύεαι
1715 1584 1807 1643 καὶ
1872 1610 1931 1642 ευ

330 1671 616 1754 ἤγγειλας·
698 1698 770 1733 τα
820 1699 930 1754 γαρ
986 1671 1093 1754 ἐγω
1150 1670 1379 1747 ἐδεόμην
1430 1671 1709 1753 γενέσθαι,
1768 1671 1932 1735 αὖτὸς

333 1761 611 1839 αὐτόπτης
663 1761 959 1843 γενόμενος
1009 1760 1178 1836 ἥκεις·
1248 1760 1371 1820 ἴσθι
1415 1787 1527 1840 γαρ
1576 1761 1638 1829 ἐξ
1684 1762 1813 1836 ἐμέο
1859 1786 1931 1820 τα

331 1849 630 1926 ποιεύμενα
669 1849 780 1908 υπὸ
823 1849 1052 1924 Μηδων·
1123 1848 1237 1907 ἔδεε
1276 1847 1402 1928 γοὶρ,
1444 1847 1538 1907 ὅτε
1580 1874 1679 1906 ουκ
1722 1847 1933 1911 ἑκόντες

333 1936 581 1997 ἔθελον’
555 1963 610 2000 ες
635 1935 825 2015 μάχην
861 1935 1236 1996 κατίστασθαι
1272 1939 1325 1994 οῖ
1338 1935 1640 2046 ἷΕλληνες,
1671 1935 1933 1999 ἀέκοντας

333 2023 836 2100 παραστήσασθαι·
871 2050 946 2083 συ
973 2023 1098 2092 δὲ,’
1073 2022 1298 2100 επείπερ
1324 2021 1476 2099 ἥκεις
1500 2049 1738 2136 χρηστα
1754 2024 1932 2104 ἀπαγ-

334 2111 570 2190 γέλλων,
617 2109 783 2173 αὐτός
829 2117 942 2185 σφι
993 2109 1279 2190 αγγειλον·
1346 2110 1416 2186 ἦν
1467 2137 1577 2191 γαρ
1633 2111 1740 2192 ἐγω
1794 2110 1935 2170 αὕτα

334 2197 498 2276 λέγω,
555 2195 696 2266 δόξω
739 2196 968 2260 πλάσας
1013 2199 1201 2278 λέγειν
1254 2199 1346 2256 καὶ
1398 2197 1462 2257 οὗ
1509 2198 1702 2272 πείσω,
1750 2225 1822 2262 ως
1868 2224 1933 2257 ου

334 2283 633 2356 ποιεύντων
657 2289 768 2345 τῶν
793 2284 1107 2363 βαρβάρων
1124 2288 1327 2352 ταῦτα·
1362 2285 1516 2347 ἄλλά
1539 2293 1654 2362 σφι
1678 2287 1935 2365 σήμῃνον

337 2369 502 2434 αὐτὸς
554 2371 849 2448 παρελθών
901 2372 972 2436 ὦς
1021 2374 1147 2452 ἔχει.
1234 2372 1401 2434 ἐπεὰν
1446 2374 1506 2433 δὲ
1552 2373 1823 2452 σημήνῃς,
1866 2371 1935 2450 ἢν

335 2460 440 2535 μὲν
467 2460 779 2529 πείθωνται,
799 2463 976 2520 ταῦτα
1001 2461 1070 2536 δή
1097 2461 1171 2524 τὰ
1198 2462 1498 2523 κάλλιστα·
1531 2459 1601 2537 ἢν
1627 2462 1686 2520 δὲ
1713 2461 1937 2522 αὐτοῖσι

333 2546 414 2622 μή
456 2547 634 2607 πιστᾶ
673 2548 916 2628 γένηται,
957 2547 1153 2624 ὁμοῖον
1192 2548 1327 2626 ἡμῖν
1369 2551 1545 2608 ἔσται·
1600 2549 1665 2608 οὗ
1704 2549 1814 2630 γὰρ
1857 2550 1937 2608 ἔτι

337 2633 730 2712 διαδρήσονται
767 2636 920 2713 εἴπερ
955 2637 1330 2716 περιεχόμεθα
1361 2637 1727 2715 πανταχόθεν,
1758 2637 1828 2700 ὥς
1858 2635 1935 2696 σύ

242 2722 316 2781 81
336 2721 570 2801 λέγεις.”
649 2725 838 2782 Ταῦτα
906 2725 1066 2804 ἔλεγε
1130 2724 1427 2800 παρελθών
1478 2724 1511 2783 ὅ
1570 2724 1936 2802 Ἀριστείδης,

339 2809 590 2886 φάμενος
629 2810 692 2878 ἐξ
730 2811 958 2889 Αἰγίνης
995 2836 1059 2870 τε
1098 2809 1267 2887 ἥκειν,
1311 2811 1404 2870 καὶ
1442 2811 1607 2891 μόγις
1648 2815 1940 2871 ἐκπλῶσαι

339 2896 528 2956 λαθὼν
567 2895 698 2960 τούς
739 2899 1128 2974 ἐπορμέοντας·
1183 2899 1543 2978 περιέχεσθαι
1582 2898 1695 2980 γᾶρ
1726 2903 1841 2958 πᾶν
1870 2897 1939 2958 τό

338 2983 721 3059 στρατόπεδον
788 3011 855 3046 το
921 2984 1259 3062 Ἑλληνικον
1316 3014 1426 3048 υπο
1478 2991 1589 3048 τῶν
1643 2991 1778 3047 νεῶν
1829 2990 1941 3046 τῶν

339 3070 572 3147 Ξέρξεω·
615 3074 1034 3150 παραρτέεσθαί
1063 3100 1125 3132 τε
1162 3072 1538 3151 συνεβούλευε
1564 3101 1645 3138 ως
1662 3073 1940 3182 οἷλεξ-ησο-
1978 3140 1985 3147 ,

336 3158 556 3232 μένους.
639 3162 730 3220 καὶ
773 3161 806 3220 ὅ
847 3165 968 3239 μὲν,
1009 3166 1187 3222 ταῦτα
1226 3162 1398 3230 εἴπας,
1434 3161 1787 3238 μετεστήκεε·
1829 3165 1942 3222 τῶν

340 3241 400 3300 δὲ
427 3243 578 3308 αὖτις
603 3249 814 3328 ἐγίνετο
840 3248 1026 3330 λόγων
1049 3246 1448 3325 ἀμφισβασίη·
1490 3252 1546 3308 οἶ
1570 3275 1681 3328 γαρ
1706 3251 1945 3310 πλευνες
