2259 3500
308 134 528 199 20—23]
921 133 1329 184 ΤΕΡΜΧΟΡΗ.
1876 139 1907 184 9

308 213 508 275 αὐτῶν·
537 213 724 274 εἵπετο
741 212 854 295 γοῖρ
873 213 943 289 δή
963 219 1076 289 σφι
1101 214 1195 272 καὶ
1220 213 1499 293 ὀχήματα,
1526 210 1619 272 καὶ
1646 211 1911 291 θεράπον-

308 328 400 365 τες
430 303 524 362 καὶ
559 301 596 377 ηε
623 306 786 361 πᾶσα
815 301 1010 377 πολλὴ
1041 301 1391 379 παρασκευή·
1432 300 1614 361 πάντα
1640 301 1708 377 δὴ
1734 305 1912 362 ταῦτα

311 388 430 466 ἅμα
469 393 614 449 πᾶσι
655 391 889 451 κείνοισι
929 389 1235 465 ἠφάνιστο.
1323 389 1467 467 μεταῖ
1508 390 1583 460 δὲ,
1624 389 1805 468 χρόνῳ
1846 389 1911 450 οὗ

309 483 510 557 πολλῷ
535 477 786 555 ὕστερον,
814 479 1048 554 ζήτησις
1081 483 1191 538 τῶν
1218 478 1429 555 ἀνδρῶν
1454 477 1662 539 τούτων
1687 477 1911 558 μεγάλη

312 570 374 626 ἐκ
391 571 502 626 τῶν
519 567 831 643 Περσέων’
806 566 1036 648 εγίνετο·
1063 592 1155 626 και
1144 567 1358 643 ’σφεας
1375 565 1741 642 Ἀλεξανδρος
1757 567 1911 626 κατέ-

310 657 462 731 λαβε
486 655 687 734 σοφίῃ,
714 654 978 734 χρήματά
1001 681 1064 715 τε
1089 653 1217 717 δους
1242 654 1435 714 πολλὰ
1464 655 1555 713 καὶ
1580 653 1685 730 τήν
1710 656 1911 714 ἑωυτοῦ

311 740 608 818 ἀδελφεὴν,
651 745 724 820 τῇ
779 741 988 820 οὔνομα
1032 741 1103 819 ἦν
1158 742 1390 822 Γυγαίη·
1448 741 1577 805 δους
1629 742 1689 802 δὲ
1736 744 1912 802 ταῦτα

312 829 654 906 κατέλαβε
621 857 654 890 ο
678 829 1046 907 Ἀλεξανδρος
1064 829 1354 936 Βουβάρῃ,
1376 828 1535 906 ἀνδρὶ
1556 829 1775 908 Πέρσῃ,
1800 832 1913 888 τῶν

312 917 610 994 διζημένων
643 945 773 982 τους
803 917 1190 995 ἀπολομένους
1219 920 1329 978 τῶν
1357 921 1705 997 στρατηγῶν.
1750 917 1783 976 ὁ
1807 917 1911 993 μέν

311 1031 408 1065 νυν
425 1010 534 1066 τῶν
554 1007 821 1085 Περσέων
839 1005 1047 1068 τούτων
1066 1005 1304 1074 θάνατος
1324 1005 1465 1066 οὕτω
1486 1005 1912 1106 καταλαμφθεὶς

313 1093 567 1175 ἐσιγήθη.

382 1181 672 1260 Ἕλληνας
709 1183 770 1243 δὲ
810 1183 951 1245 εἶναι
995 1183 1225 1247 τούτους
1258 1208 1389 1246 τους
1428 1181 1544 1243 οἷπο
1591 1180 1911 1259 Περδίκκεω
1927 1182 2005 1240 22

311 1271 626 1350 γεγονότας,
667 1271 912 1350 κατάπερ
959 1271 1118 1332 αὐτοὶ
1165 1273 1417 1353 λέγουσι,
1459 1269 1624 1334 αὖτός
1662 1295 1723 1330 τε
1764 1268 1907 1329 οὕτω

311 1357 566 1438 τυγχάνω
605 1359 974 1436 ἐπιστάμενος
1013 1359 1130 1438 (καὶ
1170 1359 1240 1434 δὴ
1283 1360 1375 1418 καὶ
1414 1364 1475 1418 ἐν
1512 1362 1667 1418 τοῖσι
1702 1355 1910 1417 ὅπισθε

313 1445 544 1526 λόγοισι
583 1447 832 1518 ἀποδέξω
863 1446 932 1510 ὥς
965 1451 1076 1507 εἰσι
1097 1445 1418 1527 Ἕλληνες),
1450 1445 1592 1523 πρὸς
1622 1445 1697 1520 δὲ,
1727 1444 1819 1504 καὶ
1856 1447 1911 1504 οἷ

311 1531 410 1592 τόν
451 1539 508 1593 ἐν
545 1534 834 1612 Ὀλυμπίῃ
875 1535 1152 1598 διέποντες
1191 1533 1381 1616 ἅγῶνα
1423 1532 1717 1608 Ἑλλήνων
1764 1531 1908 1592 οὕτω

314 1621 562 1700 ἔγνωσαν
589 1621 746 1681 εἶναι.
801 1621 1173 1699 Ἀλεξάνδρου
1196 1622 1305 1702 γὰρ
1332 1619 1616 1682 ἀεθλεύειν
1638 1621 1907 1697 ἑλομένου

314 1707 406 1767 καὶ
447 1707 794 1786 καταβάντος
835 1708 918 1769 ἐπ’
959 1709 1094 1771 αὐτὰ
1132 1715 1317 1780 τοῦτο,
1360 1712 1413 1769 οἳ
1454 1707 1909 1784 ἀντιθευσόμενοι

311 1796 598 1873 Ἑλλήνων
623 1796 870 1878 ἐξεῖργόν
902 1823 1015 1874 μιν,
1045 1797 1287 1875 φάμενοι
1318 1796 1383 1857 οὗ
1413 1794 1727 1873 βαρβάρων
1766 1792 1908 1875 ιῖγω-

311 1885 539 1944 νιστέων
555 1885 693 1945 εἶναι
709 1884 808 1945 τόν
823 1884 1026 1965 άγῶνα,
1043 1884 1199 1945 ἀλλὰ
1212 1884 1521 1960 Ἑλλήνων·
1540 1881 1909 1959 Ἀλέξανδρος

313 1971 372 2030 δὲ
402 1971 588 2049 ἐπειδὴ
620 1972 852 2041 ἀπέδεξε
893 1972 962 2035 ὥς
1003 1974 1088 2049 εἴη
1126 1971 1397 2053 Ἀργεῖος,
1436 1972 1625 2048 ἐκρίθη
1666 1996 1727 2031 τε
1770 1969 1911 2030 εἶναι

302 2056 524 2137 Ἕλλην
569 2061 661 2119 καὶ
713 2058 1112 2141 ἀγωνιζόμενος
1155 2059 1386 2120 στάδιον
1426 2060 1792 2129 συνεξέπιπτε
1833 2060 1912 2137 τῷ

312 2147 527 2227 πρώτῳ.
585 2190 591 2197 -
1973 2239 1975 2241 V

389 2240 576 2297 Ταῦτα
599 2236 703 2314 μέν
735 2262 830 2297 νυν
863 2236 1004 2297 οὕτω
1037 2263 1106 2315 κη
1139 2238 1375 2319 ἐγένετο.
1457 2235 1811 2318 Μεγάβαζος
1850 2234 1909 2294 δὲ
1928 2238 2003 2293 23

309 2321 458 2403 ἄγων
496 2324 625 2387 τούς
663 2326 914 2387 Παίονας
947 2324 1177 2385 οἷπίκετο
1214 2326 1305 2385 ε’πὶ
1334 2326 1434 2388 τᾶν
1456 2324 1909 2401 Ἑλλήσποντον·

309 2412 560 2471 ε’νθεΰτεν
607 2411 666 2470 δὲ
717 2412 1128 2490 διαπεραιωθεὶς
1170 2412 1399 2473 ἀπίκετο
1442 2419 1495 2477 ἐς
1532 2412 1753 2490 Σάρδις.
1810 2410 1911 2471 ἅτε

289 2498 369 2557 -δὲ
391 2499 702 2577 τειχέοντος
725 2499 832 2577 ἤδη
855 2500 1124 2561 Ἱστιαίου
1158 2505 1261 2561 τοῦ
1292 2501 1587 2577 Μιλησίου
1618 2500 1725 2576 τήν
1756 2500 1913 2576 παραῖ

308 2586 550 2664 Δαρείου
581 2587 818 2664 αἰτήσας
845 2590 1004 2667 ἔτυχε
1036 2589 1259 2666 δωρεὴν,
1286 2588 1499 2665 μισθὸν
1526 2591 1785 2665 φυλακῆς
1809 2591 1913 2662 τῆς

307 2676 550 2753 σχεδίης,
580 2676 766 2739 ἐόντος
793 2677 852 2735 δὲ
877 2681 976 2737 τοῦ
1003 2676 1189 2755 χώρου
1213 2676 1413 2737 τούτου
1438 2676 1593 2754 παρὰ
1615 2675 1911 2753 Στρυμόνα

305 2763 578 2839 ποταμὸν,
605 2762 706 2845 [τῷ
739 2762 950 2840 ουνομά
983 2769 1106 2823 ἔστι
1138 2763 1463 2845 Μύρκινος·]
1502 2763 1696 2842 μαθών
1729 2763 1763 2824 ὁ
1791 2770 1909 2823 Με-

305 2848 558 2931 γάβαζος
595 2878 662 2911 το
712 2850 1041 2927 ποιεύμενον
1082 2855 1143 2911 ἐκ
1188 2856 1291 2912 τοῦ
1328 2850 1613 2925 Ἱστιαίου,
1658 2878 1729 2915 ως
1767 2851 1911 2927 ἦλθε

303 2935 552 3016 τάχιστα
591 2943 646 3001 ἐς
684 2965 784 3002 τας
825 2938 1102 3016 Σάρδις”
1067 2965 1215 3021 αγων
1258 2964 1391 3003 τους
1435 2941 1699 3009 Παίονας,
1750 2940 1908 3018 ἔλεγε

305 3025 526 3103 Δαρείῳ
550 3024 700 3085 τάδε·
743 3026 826 3063 “
787 3055 829 3087 ω
854 3028 1122 3103 βασιλεῦ,
1153 3026 1307 3087 κοῖόν
1332 3052 1389 3087 τι
1413 3032 1609 3105 χρῆμα
1636 3025 1910 3099 ἐποίησας

303 3112 462 3191 ἀνδρὶ
479 3111 724 3189 Ἕλληνι
755 3115 912 3193 δεινῷ
940 3140 1003 3175 τε
1037 3115 1130 3172 καὶ
1165 3118 1333 3193 σοφῷ
1360 3114 1487 3177 δούς
1524 3111 1909 3193 ε’γκτήσασθαι

301 3201 476 3280 πόλιν
529 3205 590 3262 ἐν
635 3203 848 3281 Θρηίκῃ
859 3228 876 3271 ;
907 3202 1024 3263 ,ἵνα
1065 3201 1157 3277 ἴδη
1199 3225 1263 3261 τε
1304 3196 1733 3279 ναυπηγήσιμός
1786 3202 1911 3257 ἐστι

303 3286 555 3366 ἄφθονος
592 3288 686 3350 καὶ
717 3290 929 3349 πολλοὶ
961 3289 1185 3357 κωπέες,
1224 3288 1317 3345 καὶ
1348 3287 1607 3364 μέταλλα
1644 3281 1931 3375 οἶργύρεαῇ
