2259 3500
377 118 524 184 4—7]
986 111 1363 163 KAAAIOHH.
1881 120 1979 167 283

374 200 607 267 ἐποίεον,
651 196 686 256 ὁ
721 194 784 254 δὲ
819 191 986 253 ἐπιὼν
1029 192 1122 251 καὶ
1163 191 1232 267 δὴ
1270 196 1329 251 ἐν
1366 192 1439 270 τῇ
1477 192 1717 272 Βοιωτίῃ
1750 195 1979 275 ἐλέγετο

373 286 529 355 εἶναι,
565 282 707 343 οὕτω
750 281 818 357 δὴ
855 278 1337 356 ὕπεξεκομίσαντό
1373 305 1436 338 τε
1469 278 1653 338 πάντα
1690 280 1783 339 καὶ
1818 281 1977 343 αὐτοὶ

371 372 702 449 διέβησαν’
676 396 732 433 ες
768 370 1082 443 Σαλαμῖνα·
1127 372 1183 429 ἐς
1210 365 1599 443 Λακεδαίμονά
1629 392 1693 426 τε
1728 369 1977 445 ἔπεμπον

371 456 730 541 ἅγγέλους,”
693 483 813 534 αμα
842 458 948 533 μὲν
976 455 1370 532 μεμψομένους
1400 458 1555 513 τοῖσι
1580 455 1975 533 Λακεδαιμονί-

369 571 487 605 οισι
525 546 613 606 ὅτι
647 544 924 621 περιεῖδον
957 540 1288 619 ἐμβαλόντα
1317 541 1417 601 τὸν
1440 541 1744 651 βαρβαρον
1785 548 1839 606 ἐς
1868 544 1974 620 τήν

369 631 644 708 Αττικὴν,
701 630 832 691 ἀλλ’
889 656 954 690 ου
1006 628 1151 706 μετά
1202 634 1395 705 σφεων
1440 628 1713 704 η’ντίασαν
1766 635 1821 695 ἐς
1872 628 1975 707 τῆν

369 722 654 795 Βοιωτίην,
685 719 804 796 ἅμα
840 718 900 777 δὲ
933 715 1365 793 ὑπομνήσοντας
1400 714 1513 776 ὅσα
1546 722 1659 793 σφι
1693 716 1975 797 ὑπέσχετο

368 806 402 866 ὁ
429 808 660 882 Πέρσης
693 807 1096 883 μεταβαλοῦσι
1134 802 1351 865 δώσειν·
1393 804 1662 881 προεῖπαί
1694 830 1773 875 τε,
1806 804 1893 865 ὅτι
1926 810 1973 865 εἰ

366 893 448 970 μή
474 893 747 971 ἀμυνεῦσι
772 892 1142 967 Ἀθηναίοισι,
1170 890 1243 954 ὥς
1270 892 1361 950 καὶ
1386 890 1552 951 αὐτοί
1571 916 1695 953 τινα
1720 891 1973 970 ἀλεωρὴν

369 1006 716 1057 ευρησονται.
801 983 857 1039 οἱ
895 977 1006 1060 γᾶρ
1049 978 1118 1054 δὴ
1174 979 1599 1057 Λακεδαιμόνιοι
1638 979 1870 1057 ὅρταζόν
1909 1005 1971 1041 τε

365 1072 566 1128 τοῦτον
616 1094 718 1129 τον
769 1066 974 1147 χρόνον
1028 1068 1126 1126 καί
1174 1072 1287 1143 σφι
1336 1065 1407 1143 ἦν
1457 1066 1761 1127 Ὑακίνθια·
1842 1069 1971 1146 περὶ

366 1157 642 1217 πλείστου
669 1155 717 1216 δ’
741 1155 882 1238 ἦγον
909 1154 980 1215 τσῖ
1012 1158 1113 1215 τοῦ
1150 1155 1283 1215 θεοῦ
1318 1154 1636 1232 πορσύνειν·
1678 1154 1795 1233 ἅμα
1820 1156 1880 1215 δὲ
1904 1156 1971 1217 τὸ

363 1244 550 1324 τεῖχός
574 1251 686 1321 σφι
711 1245 778 1305 τὸ
805 1249 864 1303 ἐν
887 1248 966 1322 τῷ
989 1242 1203 1322 Ἰσθμῷ
1234 1242 1494 1323 ἐτείχεον·
1537 1244 1629 1302 καὶ
1658 1242 1767 1321 ἤδη
1795 1243 1966 1303 ἐπάλ-

366 1330 476 1400 ξεις
502 1332 811 1408 ἐλάμβανε.

444 1418 541 1481 Ὡς
573 1419 633 1477 δὲ
669 1418 936 1479 ἀπίκοντο
977 1422 1034 1481 ἐς
1070 1417 1177 1494 τήν
1210 1418 1601 1495 Λακεδαίμονα
1640 1423 1695 1479 οἱ
1733 1419 1969 1502 ἄγγελοι
1983 1421 2018 1482 7

365 1507 424 1565 οἱ
473 1504 570 1565 ἐπ’
616 1505 924 1581 Ἀθηναίων
975 1504 1096 1582 ἅμα
1140 1504 1407 1586 αἷγόμενοι
1458 1507 1517 1565 ἔκ
1570 1531 1632 1567 τε
1686 1508 1966 1589 Μεγάρων

363 1592 639 1673 ἀγγέλους
665 1594 759 1652 καὶ
784 1599 845 1653 ἐκ
872 1593 1221 1663 Πλαταιέων,
1250 1594 1451 1675 ἔλεγον
1478 1592 1611 1653 τάδε
1638 1594 1965 1659 ἐπελθόντες

365 1680 457 1738 ἐπὶ
523 1680 652 1744 τοῦς
719 1680 974 1759 ἐφόρους·
1059 1690 1096 1717 “
1111 1681 1367 1760 ἔπεμψαν
1430 1680 1607 1759 ἡμέας
1658 1680 1961 1758 Ἀθηναῖοι,

362 1769 622 1848 λέγοντες
647 1769 734 1829 ὅτι
759 1770 893 1847 ἡμῖν
921 1769 1204 1846 βασιλεῦς
1227 1768 1261 1830 ὁ
1288 1769 1513 1846 Μήδων,
1540 1773 1708 1832 τοῦτο
1732 1772 1835 1847 μὲν
1859 1771 1961 1848 τήν

358 1855 548 1934 χώρην
573 1855 844 1932 ἀποδιδοῖ,
871 1862 1038 1917 τοῦτο
1071 1859 1130 1917 δὲ
1166 1857 1499 1936 συμμάχους
1536 1858 1715 1918 ἐθέλει
1750 1856 1835 1916 ἐπ’
1861 1859 1961 1937 ἴσῃ

358 1968 420 2002 τε
447 1944 540 2002 καὶ
563 1944 732 2024 ὁμοίῃ
760 1945 1130 2022 ποιήσασθαι,
1162 1943 1291 2004 ἄνευ
1316 1970 1377 2004 τε
1405 1945 1574 2004 δόλου
1607 1944 1699 2004 καὶ
1724 1943 1957 2021 οἷποίτης·

293 2071 309 2080 ·
359 2031 542 2093 ἐθέλει
567 2033 628 2092 δὲ
655 2034 748 2092 καὶ
782 2031 966 2110 ἄλλην
995 2031 1185 2112 χώρην
1218 2032 1360 2110 πρὸς
1388 2035 1459 2110 τῇ
1486 2031 1725 2111 ἡμετέρῃ
1753 2031 1959 2094 διδόναι

355 2119 461 2196 τήν
497 2119 567 2180 ἂν
606 2120 763 2182 αὐτοὶ
804 2122 1074 2197 ἑλώμεθα,
1107 2121 1269 2197 ἡμεῖς
1308 2121 1369 2180 δὲ
1409 2121 1521 2180 Δία
1558 2147 1622 2182 τε
1659 2119 1958 2196 Ἑλλήνιον

357 2207 704 2272 αἰδεσθέντες
730 2209 822 2266 καὶ
845 2207 950 2283 τὴν
983 2206 1237 2266 Ἑλλάδα
1270 2207 1447 2286 δεινὰν
1483 2209 1797 2286 ποιεύμενοι
1822 2235 1957 2286 προ-

357 2292 564 2362 δοῦναι,
607 2293 672 2352 οὗ
707 2294 1125 2371 καταινέσαμεν,
1158 2292 1315 2354 ἀλλὰ
1350 2294 1723 2374 ἀπειπάμεθα,
1759 2299 1955 2375 καίπερ

356 2377 701 2455 ἀδικεόμενοι
756 2379 848 2440 ὑπ’
906 2381 1197 2458 Ἑλλήνων
1263 2385 1355 2442 καὶ
1414 2385 1955 2463 καταπροδιδόμενοι,

357 2466 725 2544 ἐπιστάμενοί
758 2495 820 2529 τε
860 2469 948 2529 ὅτι
987 2470 1425 2549 κερδαλεώτερόν
1467 2477 1591 2534 ἐστι
1630 2473 1956 2554 ὁμολογέειν

355 2556 434 2632 τῷ
479 2555 680 2634 Πέρσῃ
726 2559 952 2634 μᾶλλον
997 2557 1141 2636 ἥπερ
1189 2561 1505 2638 πολεμέειν·
1568 2559 1635 2621 οὗ
1679 2564 1783 2639 μὲν
1830 2561 1957 2622 οὐδὲ

355 2640 792 2723 ὁμολογήσομεν
817 2645 1032 2710 ἑκόντες
1058 2646 1219 2708 εἶναι.
1300 2649 1393 2707 καὶ
1426 2649 1493 2708 τὸ
1518 2650 1623 2725 μὲν
1646 2647 1742 2708 εἶπ’
1768 2648 1955 2724 ἦμέων

355 2727 498 2787 οὕτω
544 2730 860 2808 ἀκίβδηλον
911 2735 1004 2795 ἐὰν
1057 2736 1281 2812 νέμεται
1335 2736 1427 2796 ἐπὶ
1476 2735 1607 2798 τούς
1646 2734 1951 2811 Ἕλληνας·

353 2815 508 2892 ὑμεῖς
549 2819 624 2888 δὲ,
668 2825 722 2883 ἐς
769 2825 962 2882 πᾶσαν
1007 2822 1278 2900 οἷρρῳδίην
1328 2823 1458 2884 τότε
1506 2822 1831 2900 ἀπικόμενοι
1870 2823 1953 2900 μὴ

352 2903 802 2987 ὁμολογήσωμεν
852 2914 930 2989 τῷ
982 2911 1203 2990 Πέρσῃ,
1256 2913 1381 2971 ἐπεί
1426 2937 1489 2972 τε
1544 2910 1834 2988 ἐξεμάθετε
1886 2909 1952 2971 τό

350 2991 621 3071 ἡμέτερον
647 2996 910 3074 φρόνημα
946 2999 1191 3074 σαφέως,
1220 2997 1305 3058 ὅτι
1342 2999 1558 3076 οὐδαμοὶ
1588 2997 1953 3076 προδώσομεν

349 3079 457 3157 τήν
479 3081 750 3156 Ἑλλάδα,
779 3087 872 3144 καὶ
908 3086 1048 3148 διότι
1087 3090 1273 3166 τεῖχος
1296 3086 1427 3164 ὑμῖν
1464 3087 1555 3146 διὰ
1590 3091 1689 3146 τοῦ
1712 3084 1951 3164 Ἰσθμοῦ

351 3171 722 3250 ἐλαυνόμενον
748 3178 807 3234 ἐν
835 3175 989 3234 τέλεΐ
1023 3181 1165 3245 ἐστι,
1195 3176 1287 3233 καὶ
1321 3173 1389 3250 δή
1422 3173 1598 3256 λόγον
1624 3175 1821 3236 οὐδένα
1846 3178 1953 3235 τῶν

347 3257 656 3336 Ἀθηναίων
679 3261 960 3322 ποιέεσθε·
999 3262 1336 3338 συνθέμενοί
1354 3285 1417 3321 τε
1440 3260 1577 3339 ἡμῖν
1602 3262 1702 3325 τὸν
1721 3264 1956 3340 Πέρσην
