2259 3500
383 85 607 147 77-81]
626 90 638 96 ·
1007 84 1420 137 mpxuxorn.
1930 89 2009 136 3³·

382 165 610 241 μοῦνον,
637 161 796 224 ἀλλα
818 166 1173 244 πανταχῇ,η
1158 163 1477 246 ’ἰσηγορίη
1512 163 1584 229 ὥς
1621 165 1747 226 ἔστι
1786 165 1985 244 χρῆμα

381 251 712 313 σπουδαῖον·
756 256 804 312 εἰ
829 253 922 311 καὶ
945 251 1235 327 Ἀθηναῖοι
1270 252 1725 330 τυραννευόμενοι
1753 256 1857 330 μὲν
1893 254 1981 314 οὗ·

383 339 572 416 δαμῶν
614 345 725 400 τῶν
767 341 954 416 σφέας
994 341 1412 418 περιοικεόντων
1446 340 1597 418 ἦσαν
1635 368 1707 401 τα
1740 343 1987 418 πολέμια

384 426 655 502 ἀμείνους,
684 427 1147 508 ἀπαλλαχθέντες
1172 431 1231 489 δὲ
1256 429 1531 506 τυράννων
1556 432 1751 508 μακρῷ
1774 435 1985 507 πρῶτοι

386 516 657 596 ἐγένοντο.
720 510 909 592 ’δηλοῖ
959 516 1034 576 ὧν
1086 520 1279 587 ταῦτα,
1335 517 1423 578 ὅτι
1476 517 1840 596 κατεχόμενοι
1878 521 1983 596 μὲν

387 603 750 668 ἐθελοκάκεον
787 603 857 668 ὥς
895 605 1145 684 δεσπότῃ
1175 605 1549 688 ἐργαζόμενοι,
1600 607 1987 684 ἐλευθερωθέν-

382 716 492 751 των
528 692 587 750 δὲ
625 691 790 756 αὖτός
817 692 1054 757 ἕκαστος
1081 698 1259 772 ἑωυτῷ
1283 695 1631 774 προθυμέετο
1663 695 1985 776 κατεργάζε-

386 780 538 839 σθαι.
627 777 780 839 οὗτοι
819 781 924 857 μέν
963 807 1060 842 νυν
1096 786 1275 842 ταῦτα
1316 783 1624 860 ἔπρησσον.

469 868 716 943 Θηβαῖοι
753 869 812 928 δὲ
846 869 990 946 μετα
1022 873 1199 930 ταῦτα
1236 875 1291 934 ἐς
1326 870 1453 931 θεόν
1480 873 1743 947 ἔπεμπον,
1772 869 1979 946 βουλό-
2003 872 2077 931 79

385 979 544 1030 μενοι
569 957 843 1016 τίσασθαι
866 956 1215 1034 Ἀθηναίους.
1277 958 1315 1034 ἦ
1341 959 1401 1017 δὲ
1429 959 1619 1034 Πυθίη
1647 957 1760 1018 ἀπὸ
1787 959 1983 1034 σφέων

383 1043 490 1118 μὲν
515 1043 694 1104 αὐτῶν
721 1044 820 1104 οὐκ
843 1046 952 1122 ἔφη
970 1046 1195 1106 αὐτοῖσι
1216 1046 1355 1106 εἶναι
1378 1047 1547 1115 τίσιν,
1567 1052 1621 1110 ἐς
1649 1052 1999 1105 ΠΟΑΥΦΗ-

386 1136 564 1191 MON
621 1133 680 1192 δὲ
735 1133 1104 1203 ἐξενείκαντας
1155 1135 1374 1194 ἐκέλευε
1424 1140 1582 1193 ΤΩΝ
1635 1133 1984 1199 ἈΓΧΙΣΤΑ

387 1222 742 1285 ΔΕΕΣΘΑΙ.
825 1221 1185 1283 ἀπελθόντων
1224 1222 1298 1283 ὧν
1336 1227 1447 1282 τῶν
1489 1223 1830 1300 θεοπρόπων,
1871 1224 1982 1292 ἐξέ-

388 1313 566 1385 φερον
599 1309 666 1371 vd
702 1311 1048 1388 χρηστήριον
1085 1311 1254 1387 ἁλίην
1287 1311 1679 1388 ποιησάμενοι·
1722 1309 1794 1375 ὦς
1828 1317 1985 1372 ἐπυν-

387 1395 622 1458 θάνοντο
649 1398 708 1457 δὲ
734 1397 1012 1480 λεγόντων
1047 1398 1227 1458 αὐτῶν
1268 1405 1425 1458 ΤΩΝ
1461 1397 1811 1463 ἈΓΧΙΣΤΑ
1857 1405 1983 1458 ΔΕ-

385 1486 638 1554 ΕΣΘΑΙ,
668 1486 830 1545 εἶπαν
855 1490 908 1545 οἶ
928 1488 1176 1562 Θηβαῖοι
1202 1486 1541 1550 ἀκούσαντες
1564 1487 1790 1548 τούτων·
1833 1497 1869 1523 “
1884 1486 1984 1546 οὐκ

387 1570 464 1629 ὧν
503 1570 754 1651 ἄγχιστα
788 1571 974 1648 ἡμέων
1013 1575 1261 1635 οἰκέουσι
1287 1576 1631 1656 Ταναγραῖοί
1656 1601 1719 1636 τε
1746 1575 1839 1634 καὶ
1869 1582 1981 1635 Κο-

385 1662 614 1736 ρωναῖοι
655 1659 748 1717 καὶ
789 1664 1074 1730 Θεσπιέες,
1109 1663 1203 1720 καὶ
1244 1661 1404 1723 οὗτοί
1437 1688 1505 1744 γε
1546 1661 1664 1740 ἅμα
1706 1662 1843 1739 ἡμῖν
1878 1665 1985 1722 αἰεὶ

383 1746 715 1826 μαχόμενοι,
753 1748 1050 1827 προθύμως
1091 1752 1535 1829 συνδιαφέρουσι
1568 1751 1667 1811 τόν
1700 1751 1955 1827 πόλεμον
1966 1778 1981 1821 ;

383 1836 448 1894 τί
467 1836 555 1895 δεῖ
577 1835 785 1897 τούτων
808 1863 876 1919 γε
904 1837 1155 1908 δέεσθαι;
1184 1839 1339 1899 σῖλλσῖ
1363 1844 1589 1916 μᾶλλον
1614 1839 1695 1917 μή
1725 1837 1789 1897 οὗ
1815 1843 1982 1899 τοῦτο

383 1922 423 2002 ᾗ
447 1923 512 1983 τὸ
539 1924 940 2003 χρηστήριον.”
1021 1932 1267 1987 Τοιαῦτα
1308 1927 1377 2004 δή
1411 1927 1833 2009 ἐπιλεγομένων,
1864 1927 1984 1987 εἶπε
2002 1930 2078 1989 80

384 2012 453 2088 δή
496 2039 625 2074 κοτε
665 2014 862 2090 μαθών
903 2040 1004 2079 τις·
1049 2025 1085 2049 “
1103 2014 1213 2096 ἐγώ
1254 2042 1354 2093 μοι
1402 2016 1571 2075 δοκέω
1618 2016 1866 2077 συνιέναι
1912 2016 1979 2076 vd

384 2102 564 2161 ἐθέλει
594 2102 783 2184 λέγειν
815 2102 953 2180 ἡμῖν
978 2102 1046 2163 τὰ
1072 2104 1363 2180 μαντήϊον.
1425 2103 1689 2165 Ἀσωποῦ
1721 2108 1985 2185 λέγονται

381 2191 646 2269 γενέσθαι
691 2192 988 2271 θυγατέρες
1031 2191 1203 2269 Θήβη
1246 2217 1309 2251 τε
1353 2192 1446 2251 καὶ
1482 2194 1703 2274 Αἴγινα·
1750 2194 1985 2252 τουτέων

381 2276 675 2353 αἶδελφεων
716 2279 971 2349 ἐουσέων,
1009 2279 1181 2339 δοκέω
1216 2279 1353 2356 ἡμῖν
1385 2280 1723 2361 Αἰγινητέων
1757 2280 1983 2341 δέεσθαι

380 2364 480 2423 τόν
507 2364 636 2425 θεόν
661 2369 876 2444 χρῆσαι
900 2366 1293 2445 τιμωρητήρων
1316 2367 1633 2449 γενέσθαιΡ
1661 2370 1753 2428 καὶ
1781 2396 1847 2428 ου
1874 2394 1983 2449 γαρ

380 2475 466 2514 τις
488 2451 694 2528 ταύτης
719 2453 954 2531 ἀμείνων
978 2482 1173 2534 γνωμη
1203 2454 1387 2515 ἐδόκεε
1428 2458 1749 2531 φαίνεσθαι,
1779 2456 1978 2517 αυτίκα

380 2538 702 2621 πέμψαντες
735 2541 954 2602 ἐδέοντο
983 2544 1338 2624 Αἰγινητέων,
1378 2545 1799 2621 ἐπικαλεόμενοι
1837 2543 1977 2604 κατὰ

379 2628 446 2687 τὸ
475 2629 821 2707 χρηστήριόν
848 2637 962 2707 σφι
991 2631 1275 2707 βοηθέειν,
1306 2630 1376 2694 ὦς
1414 2632 1611 2691 ἐόντων
1645 2632 1977 2714 αγχιστέων·

381 2718 436 2774 οἱ
480 2715 541 2775 δέ
584 2724 696 2793 σφι
727 2718 976 2779 αἰτέουσι
1018 2720 1337 2796 ἐπικουρίην
1372 2746 1501 2783 τους
1542 2722 1807 2785 Αἰακίδας
1841 2747 1983 2796 συμ-

380 2803 622 2880 πέμπειν
651 2808 892 2881 ἔφασαν.
977 2807 1419 2885 Πειρησαμένων
1446 2808 1505 2867 δὲ
1530 2809 1666 2890 [τῶν
1691 2806 1981 2887 Θηβαίων]
2002 2808 2073 2865 81

381 2916 523 2950 κατα
571 2892 674 2968 τήν
721 2894 1050 2973 συμμαχίην
1091 2900 1203 2955 τῶν
1248 2895 1551 2956 Αἰακιδέων
1595 2897 1687 2956 καὶ
1732 2920 1980 2973 τρηχεως

379 2980 851 3054 περιεφθέντων
817 3008 928 3040 υπο
955 2986 1066 3042 τῶν
1090 2982 1414 3059 Ἀθηναίων,
1438 3010 1591 3047 αυτις
1614 2983 1695 3065 [οἱ
1711 2980 1983 3063 Θηβαῖοι]

379 3066 715 3145 πέμψαντες,
744 3069 873 3133 τούς
911 3072 1014 3145 μὲν
1049 3071 1315 3134 Αἰακίδας
1355 3077 1469 3146 σφι
1510 3071 1849 3129 ἐπεδίδοσαν
1875 3073 1985 3129 τῶν

377 3155 438 3215 δὲ
465 3155 680 3233 ἀνδρῶν
709 3156 944 3218 ἐδέοντο·
987 3163 1281 3239 Αἰγινῆται
1322 3160 1398 3229 δὲ,
1428 3158 1744 3235 εὐδαιμονίῃ
1782 3182 1846 3216 τε
1888 3182 1984 3233 με-

376 3244 531 3327 γάλῃ
573 3244 922 3323 ἐπαρθέντες,
951 3247 1044 3305 καὶ
1083 3247 1285 3325 ἔχθρης
1324 3249 1571 3320 παλαιῆς
1601 3243 1984 3321 ἀναμνησθέν-

2148 3280 2195 3309 Α
