<?xml version="1.0" encoding="UTF-8"?>
<!DOCTYPE html PUBLIC "-//W3C//DTD XHTML 1.0 Transitional//EN"
    "http://www.w3.org/TR/xhtml1/DTD/xhtml1-transitional.dtd">
<html xmlns="http://www.w3.org/1999/xhtml" xml:lang="en" lang="en">
 <head>
  <title>
</title>
<meta http-equiv="Content-Type" content="text/html;charset=utf-8" />
  <meta name='ocr-system' content='tesseract 3.04.00' />
  <meta name='ocr-capabilities' content='ocr_page ocr_carea ocr_par ocr_line ocrx_word'/>
</head>
<body>
  <div class='ocr_page' id='page_1' title='image "./herodotus18herogoog_0290.png"; bbox 0 0 2259 3500; ppageno 0'>
   <div class='ocr_carea' id='block_1_1' title="bbox 228 116 1897 3332">
    <p class='ocr_par' dir='ltr' id='par_1_1' title="bbox 295 116 1897 799">
     <span class='ocr_line' id='line_1_1' title="bbox 295 116 1894 181; baseline -0.001 -14"><span class='ocrx_word' id='word_1_1' title='bbox 295 118 394 167; x_wconf 82' lang='lat'>282</span> <span class='ocrx_word' id='word_1_2' title='bbox 928 117 1292 167; x_wconf 74' lang='grc' dir='ltr'>ἬΡοΔοΤοτ·</span> <span class='ocrx_word' id='word_1_3' title='bbox 1764 116 1894 181; x_wconf 80' lang='lat' dir='ltr'><strong>[lx.</strong></span> 
     </span>
     <span class='ocr_line' id='line_1_2' title="bbox 295 193 1897 274; baseline 0.001 -19"><span class='ocrx_word' id='word_1_4' title='bbox 295 195 412 274; x_wconf 77' lang='grc' dir='ltr'>ἅμα</span> <span class='ocrx_word' id='word_1_5' title='bbox 437 196 497 255; x_wconf 78' lang='grc' dir='ltr'>δὲ</span> <span class='ocrx_word' id='word_1_6' title='bbox 520 198 796 273; x_wconf 81' lang='grc' dir='ltr'>πυρσοῖσι</span> <span class='ocrx_word' id='word_1_7' title='bbox 823 193 915 254; x_wconf 71' lang='grc' dir='ltr'>διὰ</span> <span class='ocrx_word' id='word_1_8' title='bbox 940 193 1126 270; x_wconf 85' lang='grc' dir='ltr'>νήσων</span> <span class='ocrx_word' id='word_1_9' title='bbox 1147 193 1329 253; x_wconf 86' lang='grc' dir='ltr'>ε’δόκεε</span> <span class='ocrx_word' id='word_1_10' title='bbox 1352 193 1597 270; x_wconf 72' lang='grc' dir='ltr'>βασιλέϊ</span> <span class='ocrx_word' id='word_1_11' title='bbox 1620 193 1897 271; x_wconf 72' lang='grc' dir='ltr'>δηλώσειν</span> 
     </span>
     <span class='ocr_line' id='line_1_3' title="bbox 297 280 1897 361; baseline 0.001 -19"><span class='ocrx_word' id='word_1_12' title='bbox 297 283 442 344; x_wconf 84' lang='grc' dir='ltr'>ε’όντι</span> <span class='ocrx_word' id='word_1_13' title='bbox 483 288 540 343; x_wconf 83' lang='grc' dir='ltr'>ἐν</span> <span class='ocrx_word' id='word_1_14' title='bbox 582 282 833 359; x_wconf 74' lang='grc' dir='ltr'>Σάρδισι,</span> <span class='ocrx_word' id='word_1_15' title='bbox 875 280 962 341; x_wconf 83' lang='grc' dir='ltr'>ὅτι</span> <span class='ocrx_word' id='word_1_16' title='bbox 1003 283 1122 361; x_wconf 83' lang='grc' dir='ltr'>ἔχοι</span> <span class='ocrx_word' id='word_1_17' title='bbox 1160 280 1421 357; x_wconf 81' lang='grc' dir='ltr'>Ἀθήνας.</span> <span class='ocrx_word' id='word_1_18' title='bbox 1502 282 1563 345; x_wconf 77' lang='grc' dir='ltr'>ὃς</span> <span class='ocrx_word' id='word_1_19' title='bbox 1605 282 1729 342; x_wconf 76' lang='grc' dir='ltr'>οὐδὲ</span> <span class='ocrx_word' id='word_1_20' title='bbox 1767 284 1897 343; x_wconf 88' lang='grc' dir='ltr'>τότε</span> 
     </span>
     <span class='ocr_line' id='line_1_4' title="bbox 296 365 1892 447; baseline -0.001 -18"><span class='ocrx_word' id='word_1_21' title='bbox 296 369 626 447; x_wconf 72' lang='grc' dir='ltr'>ἀπικόμενος</span> <span class='ocrx_word' id='word_1_22' title='bbox 680 375 735 433; x_wconf 80' lang='grc' dir='ltr'>ἐς</span> <span class='ocrx_word' id='word_1_23' title='bbox 773 369 875 446; x_wconf 81' lang='grc' dir='ltr'>τὴν</span> <span class='ocrx_word' id='word_1_24' title='bbox 914 368 1175 444; x_wconf 79' lang='grc' dir='ltr'>Ἀττικήν</span> <span class='ocrx_word' id='word_1_25' title='bbox 1218 365 1340 445; x_wconf 77' lang='grc' dir='ltr'>εὗρε</span> <span class='ocrx_word' id='word_1_26' title='bbox 1385 369 1512 433; x_wconf 74' lang='grc' dir='ltr'>τοῦς</span> <span class='ocrx_word' id='word_1_27' title='bbox 1549 368 1892 445; x_wconf 82' lang='grc' dir='ltr'>Ἀθηναίους,</span> 
     </span>
     <span class='ocr_line' id='line_1_5' title="bbox 295 454 1894 532; baseline 0.002 -16"><span class='ocrx_word' id='word_1_28' title='bbox 295 457 426 516; x_wconf 77' lang='grc' dir='ltr'>ἀλλ’</span> <span class='ocrx_word' id='word_1_29' title='bbox 469 458 527 517; x_wconf 81' lang='grc' dir='ltr'>ἔν</span> <span class='ocrx_word' id='word_1_30' title='bbox 577 483 640 517; x_wconf 89' lang='grc' dir='ltr'>τε</span> <span class='ocrx_word' id='word_1_31' title='bbox 694 458 974 532; x_wconf 81' lang='grc' dir='ltr'>Σαλαμῖνι</span> <span class='ocrx_word' id='word_1_32' title='bbox 1024 454 1155 519; x_wconf 73' lang='grc' dir='ltr'>τούς</span> <span class='ocrx_word' id='word_1_33' title='bbox 1207 457 1510 520; x_wconf 83' lang='grc' dir='ltr'>πλείστους</span> <span class='ocrx_word' id='word_1_34' title='bbox 1563 457 1894 520; x_wconf 79' lang='grc' dir='ltr'>ἐπυνθάνετο</span> 
     </span>
     <span class='ocr_line' id='line_1_6' title="bbox 298 543 1893 623; baseline 0.001 -20"><span class='ocrx_word' id='word_1_35' title='bbox 298 543 451 613; x_wconf 79' lang='grc' dir='ltr'>εἶναι,</span> <span class='ocrx_word' id='word_1_36' title='bbox 488 546 544 604; x_wconf 79' lang='grc' dir='ltr'>ἔν</span> <span class='ocrx_word' id='word_1_37' title='bbox 578 570 641 604; x_wconf 91' lang='grc' dir='ltr'>τε</span> <span class='ocrx_word' id='word_1_38' title='bbox 673 548 809 623; x_wconf 81' lang='grc' dir='ltr'>τῇσι</span> <span class='ocrx_word' id='word_1_39' title='bbox 850 545 1032 619; x_wconf 87' lang='grc' dir='ltr'>νηυσί·</span> <span class='ocrx_word' id='word_1_40' title='bbox 1075 545 1244 620; x_wconf 78' lang='grc' dir='ltr'>αἱρέει</span> <span class='ocrx_word' id='word_1_41' title='bbox 1283 569 1345 604; x_wconf 91' lang='grc' dir='ltr'>τε</span> <span class='ocrx_word' id='word_1_42' title='bbox 1387 548 1592 620; x_wconf 82' lang='grc' dir='ltr'>ἐρῆμον</span> <span class='ocrx_word' id='word_1_43' title='bbox 1628 544 1693 603; x_wconf 83' lang='grc' dir='ltr'><strong><em>τό</em></strong></span> <span class='ocrx_word' id='word_1_44' title='bbox 1730 544 1893 605; x_wconf 73' lang='grc' dir='ltr'>ἄστυ.</span> 
     </span>
     <span class='ocr_line' id='line_1_7' title="bbox 295 630 1892 709; baseline 0.001 -19"><span class='ocrx_word' id='word_1_45' title='bbox 295 631 334 708; x_wconf 82' lang='grc' dir='ltr'><em>ἦ</em></span> <span class='ocrx_word' id='word_1_46' title='bbox 361 632 419 691; x_wconf 85' lang='grc' dir='ltr'>δὲ</span> <span class='ocrx_word' id='word_1_47' title='bbox 445 633 723 707; x_wconf 80' lang='grc' dir='ltr'>βασιλέος</span> <span class='ocrx_word' id='word_1_48' title='bbox 749 632 963 708; x_wconf 80' lang='grc' dir='ltr'>αἵρεσις</span> <span class='ocrx_word' id='word_1_49' title='bbox 989 636 1045 695; x_wconf 76' lang='grc' dir='ltr'>ἐς</span> <span class='ocrx_word' id='word_1_50' title='bbox 1075 631 1179 707; x_wconf 79' lang='grc' dir='ltr'>τὴν</span> <span class='ocrx_word' id='word_1_51' title='bbox 1207 631 1506 708; x_wconf 75' lang='grc' dir='ltr'>υστεραίην</span> <span class='ocrx_word' id='word_1_52' title='bbox 1538 630 1641 707; x_wconf 77' lang='grc' dir='ltr'>τὴν</span> <span class='ocrx_word' id='word_1_53' title='bbox 1668 632 1892 709; x_wconf 89' lang='grc' dir='ltr'>Μαρδο-</span> 
     </span>
     <span class='ocr_line' id='line_1_8' title="bbox 295 719 1434 809; baseline -0.001 -30"><span class='ocrx_word' id='word_1_54' title='bbox 295 720 414 779; x_wconf 90' lang='grc' dir='ltr'>νίου</span> <span class='ocrx_word' id='word_1_55' title='bbox 440 720 840 809; x_wconf 80' lang='grc' dir='ltr'>ἐπιστρατηΐην</span> <span class='ocrx_word' id='word_1_56' title='bbox 865 719 1222 796; x_wconf 77' lang='grc' dir='ltr'>δεκάμηνος’</span> <span class='ocrx_word' id='word_1_57' title='bbox 1197 721 1434 799; x_wconf 83' lang='grc' dir='ltr'>εγένετο.</span> 
     </span>
    </p>

    <p class='ocr_par' dir='ltr' id='par_1_2' title="bbox 241 788 1893 1062">
     <span class='ocr_line' id='line_1_9' title="bbox 241 788 1893 886; baseline 0 -17"><span class='ocrx_word' id='word_1_58' title='bbox 241 810 280 869; x_wconf 81' lang='lat'>4</span> <span class='ocrx_word' id='word_1_59' title='bbox 375 788 540 866; x_wconf 87' lang='grc' dir='ltr'>Επεὶ</span> <span class='ocrx_word' id='word_1_60' title='bbox 561 808 672 866; x_wconf 86' lang='grc' dir='ltr'>δὲ’</span> <span class='ocrx_word' id='word_1_61' title='bbox 648 833 705 867; x_wconf 91' lang='grc' dir='ltr'>εν</span> <span class='ocrx_word' id='word_1_62' title='bbox 729 805 1058 885; x_wconf 85' lang='grc' dir='ltr'>Αθήνῃσι’</span> <span class='ocrx_word' id='word_1_63' title='bbox 1033 808 1250 886; x_wconf 86' lang='grc' dir='ltr'>εγένετο</span> <span class='ocrx_word' id='word_1_64' title='bbox 1273 834 1304 866; x_wconf 99' lang='grc' dir='ltr'>ο</span> <span class='ocrx_word' id='word_1_65' title='bbox 1289 806 1659 883; x_wconf 82' lang='grc' dir='ltr'>Μαρδόνιος,</span> <span class='ocrx_word' id='word_1_66' title='bbox 1688 808 1893 886; x_wconf 80' lang='grc' dir='ltr'>πέμπει</span> 
     </span>
     <span class='ocr_line' id='line_1_10' title="bbox 296 893 1889 972; baseline 0.001 -19"><span class='ocrx_word' id='word_1_67' title='bbox 296 898 351 958; x_wconf 85' lang='grc' dir='ltr'>ε’ς</span> <span class='ocrx_word' id='word_1_68' title='bbox 411 897 705 971; x_wconf 80' lang='grc' dir='ltr'>Σαλαμῖνα</span> <span class='ocrx_word' id='word_1_69' title='bbox 763 894 1126 972; x_wconf 84' lang='grc' dir='ltr'>Μουρυχίδην</span> <span class='ocrx_word' id='word_1_70' title='bbox 1196 893 1366 971; x_wconf 75' lang='grc' dir='ltr'>ἄνδρα</span> <span class='ocrx_word' id='word_1_71' title='bbox 1426 893 1889 971; x_wconf 85' lang='grc' dir='ltr'>Ἑλλησπόντιον,</span> 
     </span>
     <span class='ocr_line' id='line_1_11' title="bbox 296 980 1891 1062; baseline 0.001 -23"><span class='ocrx_word' id='word_1_72' title='bbox 296 982 540 1060; x_wconf 82' lang='grc' dir='ltr'>φέροντα</span> <span class='ocrx_word' id='word_1_73' title='bbox 564 982 693 1044; x_wconf 77' lang='grc' dir='ltr'>τοῦς</span> <span class='ocrx_word' id='word_1_74' title='bbox 719 980 915 1043; x_wconf 74' lang='grc' dir='ltr'>αὐτοῦς</span> <span class='ocrx_word' id='word_1_75' title='bbox 950 980 1157 1062; x_wconf 83' lang='grc' dir='ltr'>λόγους</span> <span class='ocrx_word' id='word_1_76' title='bbox 1191 981 1320 1045; x_wconf 75' lang='grc' dir='ltr'>τούς</span> <span class='ocrx_word' id='word_1_77' title='bbox 1352 981 1443 1040; x_wconf 82' lang='grc' dir='ltr'>καὶ</span> <span class='ocrx_word' id='word_1_78' title='bbox 1468 981 1833 1059; x_wconf 79' lang='grc' dir='ltr'>Ἀλέξανδρος</span> <span class='ocrx_word' id='word_1_79' title='bbox 1858 982 1891 1041; x_wconf 83' lang='grc' dir='ltr'>ό</span> 
     </span>
    </p>

    <p class='ocr_par' dir='ltr' id='par_1_3' title="bbox 263 1067 1891 1584">
     <span class='ocr_line' id='line_1_12' title="bbox 263 1067 1891 1146; baseline 0.001 -19"><span class='ocrx_word' id='word_1_80' title='bbox 263 1068 567 1127; x_wconf 62' lang='grc' dir='ltr'>’Μακεδὼν</span> <span class='ocrx_word' id='word_1_81' title='bbox 617 1072 771 1127; x_wconf 80' lang='grc' dir='ltr'>τοῖσι</span> <span class='ocrx_word' id='word_1_82' title='bbox 815 1067 1167 1143; x_wconf 84' lang='grc' dir='ltr'>Ἀθηναίοισι</span> <span class='ocrx_word' id='word_1_83' title='bbox 1215 1068 1635 1146; x_wconf 87' lang='grc' dir='ltr'>διεπόρθμευσε.</span> <span class='ocrx_word' id='word_1_84' title='bbox 1716 1074 1891 1129; x_wconf 80' lang='grc' dir='ltr'>ταῦτα</span> 
     </span>
     <span class='ocr_line' id='line_1_13' title="bbox 295 1154 1890 1235; baseline 0.002 -21"><span class='ocrx_word' id='word_1_85' title='bbox 295 1156 354 1214; x_wconf 88' lang='grc' dir='ltr'>δὲ</span> <span class='ocrx_word' id='word_1_86' title='bbox 389 1156 454 1215; x_wconf 80' lang='grc' dir='ltr'>τὸ</span> <span class='ocrx_word' id='word_1_87' title='bbox 497 1155 748 1232; x_wconf 74' lang='grc' dir='ltr'>δεύτερον</span> <span class='ocrx_word' id='word_1_88' title='bbox 789 1154 1121 1229; x_wconf 77' lang='grc' dir='ltr'>ἀπέστελλε,</span> <span class='ocrx_word' id='word_1_89' title='bbox 1152 1156 1403 1235; x_wconf 80' lang='grc' dir='ltr'>προέχων</span> <span class='ocrx_word' id='word_1_90' title='bbox 1435 1159 1538 1234; x_wconf 80' lang='grc' dir='ltr'>μὲν</span> <span class='ocrx_word' id='word_1_91' title='bbox 1578 1161 1686 1217; x_wconf 75' lang='grc' dir='ltr'>τῶν</span> <span class='ocrx_word' id='word_1_92' title='bbox 1724 1155 1890 1234; x_wconf 80' lang='grc' dir='ltr'>Ἀθη-</span> 
     </span>
     <span class='ocr_line' id='line_1_14' title="bbox 297 1241 1891 1323; baseline 0.002 -21"><span class='ocrx_word' id='word_1_93' title='bbox 297 1243 461 1303; x_wconf 83' lang='grc' dir='ltr'>ναίων</span> <span class='ocrx_word' id='word_1_94' title='bbox 489 1242 552 1301; x_wconf 80' lang='grc' dir='ltr'>οὖ</span> <span class='ocrx_word' id='word_1_95' title='bbox 582 1242 778 1317; x_wconf 80' lang='grc' dir='ltr'>φιλίας</span> <span class='ocrx_word' id='word_1_96' title='bbox 803 1241 1041 1323; x_wconf 74' lang='grc' dir='ltr'>γνώμας,</span> <span class='ocrx_word' id='word_1_97' title='bbox 1071 1244 1307 1314; x_wconf 82' lang='grc' dir='ltr'>ἐλπίζων</span> <span class='ocrx_word' id='word_1_98' title='bbox 1339 1244 1400 1303; x_wconf 88' lang='grc' dir='ltr'>δέ</span> <span class='ocrx_word' id='word_1_99' title='bbox 1436 1250 1619 1320; x_wconf 89' lang='grc' dir='ltr'>σφεας</span> <span class='ocrx_word' id='word_1_100' title='bbox 1651 1244 1891 1321; x_wconf 84' lang='grc' dir='ltr'>υπήσειν</span> 
     </span>
     <span class='ocr_line' id='line_1_15' title="bbox 291 1328 1891 1437; baseline 0.003 -47"><span class='ocrx_word' id='word_1_101' title='bbox 291 1334 394 1406; x_wconf 81' lang='grc' dir='ltr'>τῆς</span> <span class='ocrx_word' id='word_1_102' title='bbox 424 1328 834 1437; x_wconf 83' lang='grc' dir='ltr'>οἷγνωμοσυνης,</span> <span class='ocrx_word' id='word_1_103' title='bbox 867 1356 938 1394; x_wconf 92' lang='grc' dir='ltr'>ως</span> <span class='ocrx_word' id='word_1_104' title='bbox 975 1329 1374 1407; x_wconf 77' lang='grc' dir='ltr'>δοριαλώτου’</span> <span class='ocrx_word' id='word_1_105' title='bbox 1349 1358 1549 1407; x_wconf 91' lang='grc' dir='ltr'>εουσης</span> <span class='ocrx_word' id='word_1_106' title='bbox 1578 1331 1766 1407; x_wconf 72' lang='grc' dir='ltr'>πάσης</span> <span class='ocrx_word' id='word_1_107' title='bbox 1790 1337 1891 1407; x_wconf 77' lang='grc' dir='ltr'>τῆς</span> 
     </span>
     <span class='ocr_line' id='line_1_16' title="bbox 290 1416 1888 1522; baseline 0 -45"><span class='ocrx_word' id='word_1_108' title='bbox 290 1416 548 1493; x_wconf 75' lang='grc' dir='ltr'>Ἀττικῆς</span> <span class='ocrx_word' id='word_1_109' title='bbox 587 1416 771 1522; x_wconf 78' lang='grc' dir='ltr'>χώρης</span> <span class='ocrx_word' id='word_1_110' title='bbox 809 1418 900 1476; x_wconf 84' lang='grc' dir='ltr'>καὶ</span> <span class='ocrx_word' id='word_1_111' title='bbox 940 1418 1142 1494; x_wconf 81' lang='grc' dir='ltr'>ἐούσης</span> <span class='ocrx_word' id='word_1_112' title='bbox 1180 1419 1289 1495; x_wconf 84' lang='grc' dir='ltr'>ἤδη</span> <span class='ocrx_word' id='word_1_113' title='bbox 1325 1418 1417 1477; x_wconf 76' lang='grc' dir='ltr'>ὑπ’</span> <span class='ocrx_word' id='word_1_114' title='bbox 1452 1423 1645 1497; x_wconf 77' lang='grc' dir='ltr'>ἑωυτῷ·</span> <span class='ocrx_word' id='word_1_115' title='bbox 1686 1418 1888 1479; x_wconf 81' lang='grc' dir='ltr'>τούτων</span> 
     </span>
     <span class='ocr_line' id='line_1_17' title="bbox 290 1503 1885 1584; baseline 0.001 -19"><span class='ocrx_word' id='word_1_116' title='bbox 290 1508 394 1582; x_wconf 78' lang='grc' dir='ltr'>μὲν</span> <span class='ocrx_word' id='word_1_117' title='bbox 458 1506 636 1565; x_wconf 77' lang='grc' dir='ltr'>εἵνεκα</span> <span class='ocrx_word' id='word_1_118' title='bbox 696 1503 992 1583; x_wconf 74' lang='grc' dir='ltr'>ἀπέπεμψε</span> <span class='ocrx_word' id='word_1_119' title='bbox 1045 1506 1405 1584; x_wconf 84' lang='grc' dir='ltr'>Μουρυχίδην</span> <span class='ocrx_word' id='word_1_120' title='bbox 1465 1511 1519 1569; x_wconf 84' lang='grc' dir='ltr'>ἐς</span> <span class='ocrx_word' id='word_1_121' title='bbox 1573 1507 1885 1583; x_wconf 77' lang='grc' dir='ltr'>Σαλαμῖνα.</span> 
     </span>
    </p>

    <p class='ocr_par' dir='ltr' id='par_1_4' title="bbox 236 1593 1888 2966">
     <span class='ocr_line' id='line_1_18' title="bbox 236 1593 1887 1673; baseline 0 -20"><span class='ocrx_word' id='word_1_122' title='bbox 236 1596 273 1653; x_wconf 83' lang='grc'><strong>5</strong></span> <span class='ocrx_word' id='word_1_123' title='bbox 290 1594 359 1653; x_wconf 88' lang='grc' dir='ltr'>Ὅ</span> <span class='ocrx_word' id='word_1_124' title='bbox 398 1595 471 1667; x_wconf 85' lang='grc' dir='ltr'>δὲ,</span> <span class='ocrx_word' id='word_1_125' title='bbox 509 1593 838 1671; x_wconf 77' lang='grc' dir='ltr'>ἀπικόμενος</span> <span class='ocrx_word' id='word_1_126' title='bbox 879 1594 970 1653; x_wconf 82' lang='grc' dir='ltr'>ἐπὶ</span> <span class='ocrx_word' id='word_1_127' title='bbox 1005 1593 1110 1670; x_wconf 74' lang='grc' dir='ltr'>τὴν</span> <span class='ocrx_word' id='word_1_128' title='bbox 1149 1594 1386 1671; x_wconf 81' lang='grc' dir='ltr'>βουλὴν,</span> <span class='ocrx_word' id='word_1_129' title='bbox 1434 1595 1593 1673; x_wconf 76' lang='grc' dir='ltr'>ἔλεγε</span> <span class='ocrx_word' id='word_1_130' title='bbox 1626 1594 1698 1653; x_wconf 75' lang='grc' dir='ltr'>τὰ</span> <span class='ocrx_word' id='word_1_131' title='bbox 1735 1595 1887 1672; x_wconf 74' lang='grc' dir='ltr'>παρὰ</span> 
     </span>
     <span class='ocr_line' id='line_1_19' title="bbox 290 1681 1885 1764; baseline 0.001 -25"><span class='ocrx_word' id='word_1_132' title='bbox 290 1682 630 1760; x_wconf 83' lang='grc' dir='ltr'>Μαρδονίου·</span> <span class='ocrx_word' id='word_1_133' title='bbox 677 1685 787 1741; x_wconf 83' lang='grc' dir='ltr'>τῶν</span> <span class='ocrx_word' id='word_1_134' title='bbox 828 1682 886 1740; x_wconf 80' lang='grc' dir='ltr'>δὲ</span> <span class='ocrx_word' id='word_1_135' title='bbox 924 1683 1277 1760; x_wconf 81' lang='grc' dir='ltr'>βουλευτέων</span> <span class='ocrx_word' id='word_1_136' title='bbox 1315 1682 1554 1758; x_wconf 81' lang='grc' dir='ltr'>Λυκίδης</span> <span class='ocrx_word' id='word_1_137' title='bbox 1595 1681 1715 1741; x_wconf 85' lang='grc' dir='ltr'>εἶπε</span> <span class='ocrx_word' id='word_1_138' title='bbox 1751 1682 1885 1764; x_wconf 80' lang='grc' dir='ltr'>γνῶ-</span> 
     </span>
     <span class='ocr_line' id='line_1_20' title="bbox 287 1768 1887 1851; baseline 0.001 -23"><span class='ocrx_word' id='word_1_139' title='bbox 287 1795 417 1846; x_wconf 88' lang='grc' dir='ltr'>μην,</span> <span class='ocrx_word' id='word_1_140' title='bbox 441 1769 511 1832; x_wconf 82' lang='grc' dir='ltr'>ὦς</span> <span class='ocrx_word' id='word_1_141' title='bbox 539 1773 592 1828; x_wconf 79' lang='grc' dir='ltr'>οἱ</span> <span class='ocrx_word' id='word_1_142' title='bbox 619 1768 802 1829; x_wconf 88' lang='grc' dir='ltr'>ε’δόκεε</span> <span class='ocrx_word' id='word_1_143' title='bbox 827 1768 1051 1847; x_wconf 75' lang='grc' dir='ltr'>ἄμεινον</span> <span class='ocrx_word' id='word_1_144' title='bbox 1072 1770 1210 1829; x_wconf 86' lang='grc' dir='ltr'>εἶναι</span> <span class='ocrx_word' id='word_1_145' title='bbox 1238 1770 1563 1847; x_wconf 82' lang='grc' dir='ltr'>δεξαμένους</span> <span class='ocrx_word' id='word_1_146' title='bbox 1586 1769 1686 1832; x_wconf 74' lang='grc' dir='ltr'>τὸν</span> <span class='ocrx_word' id='word_1_147' title='bbox 1712 1771 1887 1851; x_wconf 83' lang='grc' dir='ltr'>λόγον</span> 
     </span>
     <span class='ocr_line' id='line_1_21' title="bbox 289 1858 1887 1936; baseline 0.001 -19"><span class='ocrx_word' id='word_1_148' title='bbox 289 1858 388 1917; x_wconf 90' lang='grc' dir='ltr'>τόν</span> <span class='ocrx_word' id='word_1_149' title='bbox 446 1863 559 1932; x_wconf 87' lang='grc' dir='ltr'>σφι</span> <span class='ocrx_word' id='word_1_150' title='bbox 611 1858 969 1935; x_wconf 89' lang='grc' dir='ltr'>Μουρυχίδης</span> <span class='ocrx_word' id='word_1_151' title='bbox 1026 1859 1315 1936; x_wconf 86' lang='grc' dir='ltr'>προφέρει,</span> <span class='ocrx_word' id='word_1_152' title='bbox 1371 1858 1632 1927; x_wconf 78' lang='grc' dir='ltr'>ἐξενεῖκαι</span> <span class='ocrx_word' id='word_1_153' title='bbox 1685 1863 1738 1921; x_wconf 82' lang='grc' dir='ltr'>ἐς</span> <span class='ocrx_word' id='word_1_154' title='bbox 1789 1858 1887 1918; x_wconf 64' lang='lat' dir='ltr'>rav</span> 
     </span>
     <span class='ocr_line' id='line_1_22' title="bbox 289 1944 1888 2026; baseline 0.001 -23"><span class='ocrx_word' id='word_1_155' title='bbox 289 1944 486 2022; x_wconf 83' lang='grc' dir='ltr'>δῆμον·</span> <span class='ocrx_word' id='word_1_156' title='bbox 528 1944 561 2006; x_wconf 81' lang='grc' dir='ltr'>ὅ</span> <span class='ocrx_word' id='word_1_157' title='bbox 591 1947 694 2021; x_wconf 83' lang='grc' dir='ltr'>μὲν</span> <span class='ocrx_word' id='word_1_158' title='bbox 731 1944 808 2019; x_wconf 69' lang='grc' dir='ltr'>δὴ</span> <span class='ocrx_word' id='word_1_159' title='bbox 830 1944 1038 2021; x_wconf 81' lang='grc' dir='ltr'>ταύτην</span> <span class='ocrx_word' id='word_1_160' title='bbox 1060 1945 1167 2020; x_wconf 78' lang='grc' dir='ltr'>τήν</span> <span class='ocrx_word' id='word_1_161' title='bbox 1200 1944 1426 2026; x_wconf 73' lang='grc' dir='ltr'>γνώμην</span> <span class='ocrx_word' id='word_1_162' title='bbox 1452 1945 1807 2021; x_wconf 78' lang='grc' dir='ltr'>ἀπεφαίνετο,</span> <span class='ocrx_word' id='word_1_163' title='bbox 1837 1947 1888 2005; x_wconf 81' lang='grc' dir='ltr'>εἴ</span> 
     </span>
     <span class='ocr_line' id='line_1_23' title="bbox 286 2031 1886 2114; baseline 0 -22"><span class='ocrx_word' id='word_1_164' title='bbox 286 2058 348 2092; x_wconf 90' lang='grc' dir='ltr'>τε</span> <span class='ocrx_word' id='word_1_165' title='bbox 379 2033 446 2109; x_wconf 74' lang='grc' dir='ltr'>δή</span> <span class='ocrx_word' id='word_1_166' title='bbox 481 2033 801 2112; x_wconf 82' lang='grc' dir='ltr'>δεδεγμένος</span> <span class='ocrx_word' id='word_1_167' title='bbox 835 2031 1098 2110; x_wconf 84' lang='grc' dir='ltr'>χρήματα</span> <span class='ocrx_word' id='word_1_168' title='bbox 1136 2033 1289 2108; x_wconf 77' lang='grc' dir='ltr'>παραὶ</span> <span class='ocrx_word' id='word_1_169' title='bbox 1314 2033 1635 2114; x_wconf 83' lang='grc' dir='ltr'>Μαρδονίου</span> <span class='ocrx_word' id='word_1_170' title='bbox 1664 2035 1713 2093; x_wconf 82' lang='grc' dir='ltr'>εἴ</span> <span class='ocrx_word' id='word_1_171' title='bbox 1744 2059 1805 2093; x_wconf 88' lang='grc' dir='ltr'>τε</span> <span class='ocrx_word' id='word_1_172' title='bbox 1832 2036 1886 2092; x_wconf 79' lang='grc' dir='ltr'>οἱ</span> 
     </span>
     <span class='ocr_line' id='line_1_24' title="bbox 287 2117 1886 2197; baseline 0.001 -19"><span class='ocrx_word' id='word_1_173' title='bbox 287 2121 380 2178; x_wconf 85' lang='grc' dir='ltr'>καὶ</span> <span class='ocrx_word' id='word_1_174' title='bbox 402 2124 578 2179; x_wconf 83' lang='grc' dir='ltr'>ταῦτα</span> <span class='ocrx_word' id='word_1_175' title='bbox 607 2119 846 2178; x_wconf 81' lang='grc' dir='ltr'>ἑάνδανε·</span> <span class='ocrx_word' id='word_1_176' title='bbox 886 2117 1176 2196; x_wconf 82' lang='grc' dir='ltr'>Ἀθηναῖοι</span> <span class='ocrx_word' id='word_1_177' title='bbox 1209 2120 1267 2178; x_wconf 81' lang='grc' dir='ltr'>δὲ</span> <span class='ocrx_word' id='word_1_178' title='bbox 1302 2118 1499 2179; x_wconf 73' lang='grc' dir='ltr'>αὐτίκα</span> <span class='ocrx_word' id='word_1_179' title='bbox 1526 2120 1703 2180; x_wconf 80' lang='grc' dir='ltr'>δεινόν</span> <span class='ocrx_word' id='word_1_180' title='bbox 1727 2147 1886 2197; x_wconf 87' lang='grc' dir='ltr'>ποιη-</span> 
     </span>
     <span class='ocr_line' id='line_1_25' title="bbox 289 2206 1885 2284; baseline 0.003 -18"><span class='ocrx_word' id='word_1_181' title='bbox 289 2207 538 2282; x_wconf 77' lang='grc' dir='ltr'>σάμενοι,</span> <span class='ocrx_word' id='word_1_182' title='bbox 590 2206 649 2264; x_wconf 84' lang='grc' dir='ltr'>οἷ</span> <span class='ocrx_word' id='word_1_183' title='bbox 689 2231 750 2265; x_wconf 93' lang='grc' dir='ltr'>τε</span> <span class='ocrx_word' id='word_1_184' title='bbox 799 2210 860 2264; x_wconf 78' lang='grc' dir='ltr'>ἐκ</span> <span class='ocrx_word' id='word_1_185' title='bbox 903 2211 1003 2282; x_wconf 82' lang='grc' dir='ltr'>τῆς</span> <span class='ocrx_word' id='word_1_186' title='bbox 1048 2209 1270 2284; x_wconf 84' lang='grc' dir='ltr'>βουλῆς</span> <span class='ocrx_word' id='word_1_187' title='bbox 1314 2208 1407 2266; x_wconf 82' lang='grc' dir='ltr'>καὶ</span> <span class='ocrx_word' id='word_1_188' title='bbox 1453 2211 1506 2266; x_wconf 78' lang='grc' dir='ltr'>οἶ</span> <span class='ocrx_word' id='word_1_189' title='bbox 1554 2209 1765 2278; x_wconf 80' lang='grc' dir='ltr'>ἔξωθεν,</span> <span class='ocrx_word' id='word_1_190' title='bbox 1816 2208 1885 2271; x_wconf 72' lang='grc' dir='ltr'>ὥς</span> 
     </span>
     <span class='ocr_line' id='line_1_26' title="bbox 286 2293 1885 2373; baseline 0.002 -20"><span class='ocrx_word' id='word_1_191' title='bbox 286 2293 572 2362; x_wconf 80' lang='grc' dir='ltr'>ἐπύθοντο,</span> <span class='ocrx_word' id='word_1_192' title='bbox 601 2293 960 2371; x_wconf 77' lang='grc' dir='ltr'>περιστάντες</span> <span class='ocrx_word' id='word_1_193' title='bbox 987 2295 1231 2355; x_wconf 89' lang='grc' dir='ltr'>Λυκίδεα</span> <span class='ocrx_word' id='word_1_194' title='bbox 1266 2297 1607 2355; x_wconf 89' lang='grc' dir='ltr'>κατέλευσαν</span> <span class='ocrx_word' id='word_1_195' title='bbox 1631 2295 1885 2373; x_wconf 79' lang='grc' dir='ltr'>βάλλον-</span> 
     </span>
     <span class='ocr_line' id='line_1_27' title="bbox 283 2380 1883 2463; baseline 0.001 -22"><span class='ocrx_word' id='word_1_196' title='bbox 283 2407 390 2451; x_wconf 86' lang='grc' dir='ltr'>τες,</span> <span class='ocrx_word' id='word_1_197' title='bbox 425 2380 525 2441; x_wconf 73' lang='grc' dir='ltr'>τόν</span> <span class='ocrx_word' id='word_1_198' title='bbox 569 2381 628 2440; x_wconf 85' lang='grc' dir='ltr'>δὲ</span> <span class='ocrx_word' id='word_1_199' title='bbox 665 2381 1117 2458; x_wconf 86' lang='grc' dir='ltr'>Ἑλλησπόντιον</span> <span class='ocrx_word' id='word_1_200' title='bbox 1154 2384 1511 2463; x_wconf 88' lang='grc' dir='ltr'>Μουρυχίδεα</span> <span class='ocrx_word' id='word_1_201' title='bbox 1546 2382 1883 2461; x_wconf 77' lang='grc' dir='ltr'>ἀπέπεμψαν</span> 
     </span>
     <span class='ocr_line' id='line_1_28' title="bbox 285 2469 1884 2550; baseline 0 -22"><span class='ocrx_word' id='word_1_202' title='bbox 285 2469 498 2528; x_wconf 74' lang='grc' dir='ltr'>ἀσινέα·</span> <span class='ocrx_word' id='word_1_203' title='bbox 539 2471 838 2550; x_wconf 86' lang='grc' dir='ltr'>γενομένου</span> <span class='ocrx_word' id='word_1_204' title='bbox 869 2471 928 2528; x_wconf 79' lang='grc' dir='ltr'>δὲ</span> <span class='ocrx_word' id='word_1_205' title='bbox 961 2471 1211 2548; x_wconf 82' lang='grc' dir='ltr'>θορύβου</span> <span class='ocrx_word' id='word_1_206' title='bbox 1239 2477 1297 2532; x_wconf 80' lang='grc' dir='ltr'>ἐν</span> <span class='ocrx_word' id='word_1_207' title='bbox 1330 2475 1403 2550; x_wconf 80' lang='grc' dir='ltr'>τῇ</span> <span class='ocrx_word' id='word_1_208' title='bbox 1441 2473 1720 2548; x_wconf 79' lang='grc' dir='ltr'>Σαλαμῖνι</span> <span class='ocrx_word' id='word_1_209' title='bbox 1755 2470 1884 2547; x_wconf 84' lang='grc' dir='ltr'>περὶ</span> 
     </span>
     <span class='ocr_line' id='line_1_29' title="bbox 282 2556 1883 2642; baseline 0.002 -26"><span class='ocrx_word' id='word_1_210' title='bbox 282 2556 381 2616; x_wconf 80' lang='grc' dir='ltr'>τόν</span> <span class='ocrx_word' id='word_1_211' title='bbox 419 2557 676 2642; x_wconf 72' lang='grc' dir='ltr'>Αυκιδεα,</span> <span class='ocrx_word' id='word_1_212' title='bbox 707 2556 1078 2618; x_wconf 76' lang='grc' dir='ltr'>πυνθάνονται</span> <span class='ocrx_word' id='word_1_213' title='bbox 1111 2558 1179 2618; x_wconf 74' lang='grc' dir='ltr'>τὸ</span> <span class='ocrx_word' id='word_1_214' title='bbox 1214 2558 1505 2640; x_wconf 87' lang='grc' dir='ltr'>γινόμενον</span> <span class='ocrx_word' id='word_1_215' title='bbox 1540 2561 1599 2617; x_wconf 79' lang='grc' dir='ltr'>αἱ</span> <span class='ocrx_word' id='word_1_216' title='bbox 1632 2563 1883 2638; x_wconf 82' lang='grc' dir='ltr'>γυναῖκες</span> 
     </span>
     <span class='ocr_line' id='line_1_30' title="bbox 282 2644 1883 2727; baseline 0.001 -24"><span class='ocrx_word' id='word_1_217' title='bbox 282 2647 393 2704; x_wconf 78' lang='grc' dir='ltr'>τῶν</span> <span class='ocrx_word' id='word_1_218' title='bbox 417 2644 741 2720; x_wconf 88' lang='grc' dir='ltr'>Ἀθηναίων·</span> <span class='ocrx_word' id='word_1_219' title='bbox 785 2645 1257 2723; x_wconf 83' lang='grc' dir='ltr'>διακελευσαμένη</span> <span class='ocrx_word' id='word_1_220' title='bbox 1282 2647 1341 2707; x_wconf 77' lang='grc' dir='ltr'>δὲ</span> <span class='ocrx_word' id='word_1_221' title='bbox 1364 2646 1504 2727; x_wconf 74' lang='grc' dir='ltr'>γυνὴ</span> <span class='ocrx_word' id='word_1_222' title='bbox 1530 2646 1763 2726; x_wconf 80' lang='grc' dir='ltr'>γυναικὶ,</span> <span class='ocrx_word' id='word_1_223' title='bbox 1790 2646 1883 2704; x_wconf 84' lang='grc' dir='ltr'>καὶ</span> 
     </span>
     <span class='ocr_line' id='line_1_31' title="bbox 282 2731 1880 2809; baseline 0 -19"><span class='ocrx_word' id='word_1_224' title='bbox 282 2733 720 2809; x_wconf 81' lang='grc' dir='ltr'>παραλαβοῦσα,</span> <span class='ocrx_word' id='word_1_225' title='bbox 757 2732 848 2790; x_wconf 82' lang='grc' dir='ltr'>ἐπὶ</span> <span class='ocrx_word' id='word_1_226' title='bbox 883 2731 987 2806; x_wconf 78' lang='grc' dir='ltr'>τὴν</span> <span class='ocrx_word' id='word_1_227' title='bbox 1017 2733 1265 2791; x_wconf 87' lang='grc' dir='ltr'>Λυκίδεω</span> <span class='ocrx_word' id='word_1_228' title='bbox 1303 2734 1479 2808; x_wconf 79' lang='grc' dir='ltr'>οἰκίην</span> <span class='ocrx_word' id='word_1_229' title='bbox 1515 2733 1685 2809; x_wconf 82' lang='grc' dir='ltr'>ἤϊσαν</span> <span class='ocrx_word' id='word_1_230' title='bbox 1724 2733 1880 2791; x_wconf 75' lang='grc' dir='ltr'>αὐτο·</span> 
     </span>
     <span class='ocr_line' id='line_1_32' title="bbox 283 2819 1881 2900; baseline -0.001 -22"><span class='ocrx_word' id='word_1_231' title='bbox 283 2821 485 2889; x_wconf 86' lang='grc' dir='ltr'>κελέες,</span> <span class='ocrx_word' id='word_1_232' title='bbox 535 2821 626 2877; x_wconf 84' lang='grc' dir='ltr'>καὶ</span> <span class='ocrx_word' id='word_1_233' title='bbox 674 2845 814 2878; x_wconf 89' lang='grc' dir='ltr'>κατα</span> <span class='ocrx_word' id='word_1_234' title='bbox 860 2822 963 2897; x_wconf 83' lang='grc' dir='ltr'>μὲν</span> <span class='ocrx_word' id='word_1_235' title='bbox 1011 2821 1247 2879; x_wconf 81' lang='grc' dir='ltr'>ἔλευσαν</span> <span class='ocrx_word' id='word_1_236' title='bbox 1291 2821 1460 2880; x_wconf 79' lang='grc' dir='ltr'>αὐτοῦ</span> <span class='ocrx_word' id='word_1_237' title='bbox 1500 2819 1602 2895; x_wconf 81' lang='grc' dir='ltr'>τήν</span> <span class='ocrx_word' id='word_1_238' title='bbox 1648 2823 1881 2900; x_wconf 80' lang='grc' dir='ltr'>γυναῖκα</span> 
     </span>
     <span class='ocr_line' id='line_1_33' title="bbox 284 2907 815 2966; baseline 0.004 -2"><span class='ocrx_word' id='word_1_239' title='bbox 284 2907 425 2965; x_wconf 83' lang='grc' dir='ltr'>κατοῖ</span> <span class='ocrx_word' id='word_1_240' title='bbox 454 2907 513 2966; x_wconf 83' lang='grc' dir='ltr'>δὲ</span> <span class='ocrx_word' id='word_1_241' title='bbox 537 2932 608 2965; x_wconf 88' lang='grc' dir='ltr'>τα</span> <span class='ocrx_word' id='word_1_242' title='bbox 633 2907 815 2966; x_wconf 87' lang='grc' dir='ltr'>τέκνα.</span> 
     </span>
    </p>

    <p class='ocr_par' dir='ltr' id='par_1_5' title="bbox 228 2992 1878 3072">
     <span class='ocr_line' id='line_1_34' title="bbox 228 2992 1878 3072; baseline 0.001 -20"><span class='ocrx_word' id='word_1_243' title='bbox 228 2995 264 3052; x_wconf 90' lang='grc'>6</span> <span class='ocrx_word' id='word_1_244' title='bbox 363 2992 457 3055; x_wconf 87' lang='grc' dir='ltr'>Ἐς</span> <span class='ocrx_word' id='word_1_245' title='bbox 483 2993 542 3052; x_wconf 84' lang='grc' dir='ltr'>δὲ</span> <span class='ocrx_word' id='word_1_246' title='bbox 568 2994 669 3069; x_wconf 81' lang='grc' dir='ltr'>τὴν</span> <span class='ocrx_word' id='word_1_247' title='bbox 708 2996 1004 3072; x_wconf 79' lang='grc' dir='ltr'>Σαλαμῖνα</span> <span class='ocrx_word' id='word_1_248' title='bbox 1040 2995 1316 3071; x_wconf 87' lang='grc' dir='ltr'>διέβησαν</span> <span class='ocrx_word' id='word_1_249' title='bbox 1353 2998 1406 3054; x_wconf 78' lang='grc' dir='ltr'>οἱ</span> <span class='ocrx_word' id='word_1_250' title='bbox 1431 2995 1719 3070; x_wconf 81' lang='grc' dir='ltr'>Ἀθηναῖοι</span> <span class='ocrx_word' id='word_1_251' title='bbox 1754 2993 1878 3054; x_wconf 80' lang='grc' dir='ltr'>ὧδε·</span> 
     </span>
    </p>

    <p class='ocr_par' dir='ltr' id='par_1_6' title="bbox 232 3078 1879 3332">
     <span class='ocr_line' id='line_1_35' title="bbox 232 3078 1879 3157; baseline -0.001 -16"><span class='ocrx_word' id='word_1_252' title='bbox 232 3079 238 3088; x_wconf 68' lang='grc'>’</span> <span class='ocrx_word' id='word_1_253' title='bbox 282 3078 379 3141; x_wconf 79' lang='grc' dir='ltr'>ἕως</span> <span class='ocrx_word' id='word_1_254' title='bbox 429 3105 534 3156; x_wconf 86' lang='grc' dir='ltr'>μεν</span> <span class='ocrx_word' id='word_1_255' title='bbox 574 3082 979 3156; x_wconf 89' lang='grc' dir='ltr'>προσεδέκοντο</span> <span class='ocrx_word' id='word_1_256' title='bbox 1025 3107 1126 3142; x_wconf 88' lang='grc' dir='ltr'>τον</span> <span class='ocrx_word' id='word_1_257' title='bbox 1180 3087 1239 3139; x_wconf 84' lang='grc' dir='ltr'>ἐκ</span> <span class='ocrx_word' id='word_1_258' title='bbox 1292 3086 1392 3157; x_wconf 83' lang='grc' dir='ltr'>τῆς</span> <span class='ocrx_word' id='word_1_259' title='bbox 1434 3080 1879 3157; x_wconf 84' lang='grc' dir='ltr'>Πελοποννήσου</span> 
     </span>
     <span class='ocr_line' id='line_1_36' title="bbox 281 3165 1875 3277; baseline 0.004 -56"><span class='ocrx_word' id='word_1_260' title='bbox 281 3166 528 3238; x_wconf 75' lang='grc' dir='ltr'>στρατόν</span> <span class='ocrx_word' id='word_1_261' title='bbox 550 3165 702 3240; x_wconf 81' lang='grc' dir='ltr'>ἥξειν</span> <span class='ocrx_word' id='word_1_262' title='bbox 735 3167 1124 3244; x_wconf 76' lang='grc' dir='ltr'>τιμωρήσοντά</span> <span class='ocrx_word' id='word_1_263' title='bbox 1151 3176 1299 3277; x_wconf 89' lang='grc' dir='ltr'>σφι,</span> <span class='ocrx_word' id='word_1_264' title='bbox 1318 3171 1373 3227; x_wconf 80' lang='grc' dir='ltr'>οἱ</span> <span class='ocrx_word' id='word_1_265' title='bbox 1404 3168 1526 3226; x_wconf 64' lang='grc' dir='ltr'>δὲ’</span> <span class='ocrx_word' id='word_1_266' title='bbox 1498 3193 1689 3244; x_wconf 84' lang='grc' dir='ltr'>εμενον</span> <span class='ocrx_word' id='word_1_267' title='bbox 1721 3174 1779 3228; x_wconf 81' lang='grc' dir='ltr'>ἐν</span> <span class='ocrx_word' id='word_1_268' title='bbox 1802 3172 1875 3246; x_wconf 79' lang='grc' dir='ltr'>τῇ</span> 
     </span>
     <span class='ocr_line' id='line_1_37' title="bbox 278 3244 1876 3332; baseline 0.005 -26.086"><span class='ocrx_word' id='word_1_269' title='bbox 278 3244 526 3325; x_wconf 78' lang='grc' dir='ltr'>Ἀττικῇ·</span> <span class='ocrx_word' id='word_1_270' title='bbox 553 3252 672 3310; x_wconf 78' lang='grc' dir='ltr'>ἐπεὶ</span> <span class='ocrx_word' id='word_1_271' title='bbox 697 3253 760 3312; x_wconf 78' lang='grc' dir='ltr'>δὲ</span> <span class='ocrx_word' id='word_1_272' title='bbox 783 3257 836 3313; x_wconf 81' lang='grc' dir='ltr'>οἱ</span> <span class='ocrx_word' id='word_1_273' title='bbox 861 3279 966 3332; x_wconf 85' lang='grc' dir='ltr'>μεν</span> <span class='ocrx_word' id='word_1_274' title='bbox 982 3254 1300 3332; x_wconf 83' lang='grc' dir='ltr'>μακρότερα</span> <span class='ocrx_word' id='word_1_275' title='bbox 1322 3281 1385 3313; x_wconf 89' lang='grc' dir='ltr'>τε</span> <span class='ocrx_word' id='word_1_276' title='bbox 1412 3255 1503 3312; x_wconf 86' lang='grc' dir='ltr'>καὶ</span> <span class='ocrx_word' id='word_1_277' title='bbox 1528 3255 1876 3332; x_wconf 85' lang='grc' dir='ltr'>σχολαίτερα</span> 
     </span>
    </p>
   </div>
   <div class='ocr_carea' id='block_1_2' title="bbox 2222 1576 2245 3421">
    <p class='ocr_par' dir='ltr' id='par_1_7' title="bbox 2222 1576 2245 3421">
     <span class='ocr_line' id='line_1_38' title="bbox 2222 1576 2245 3421; baseline 0 0"><span class='ocrx_word' id='word_1_278' title='bbox 2222 1576 2245 3421; x_wconf 95' lang='lat' dir='ltr'> </span> 
     </span>
    </p>
   </div>
  </div>
 </body>
</html>
