2259 3500
313 146 408 191 226
936 139 1299 189 ἨΡΟΔΟΤΟΤ
1728 139 1913 204 [VIII

313 224 620 292 ἐπέπλωον,
689 223 744 280 οἱ
785 220 1064 295 Ἐλληνες
1134 218 1374 295 ἀτρέμας
1442 218 1597 298 εἶχον
1648 218 1790 295 πρὸς
1840 248 1921 280 τω

313 308 782 389 Ἀρτεμισίω·οἶ
824 309 884 367 δὲ
923 307 1217 386 βάρβαροι
1256 306 1539 387 μηνοειδὲς
1578 307 1918 383 ποιήσαντες

311 401 421 457 τῶν
461 401 610 467 νεῶν,
655 397 980 455 ἐκυκλέοντο
1027 395 1096 457 ὥς
1142 394 1509 471 περιλάβοιεν
1550 392 1767 459 αὗτούς·
1836 402 1917 457 ἐν-

312 486 502 545 θεῦτεν
539 487 592 543 οἱ
622 483 902 559 Ἕλληνες
940 482 1299 543 ἐπανέπλωόν
1334 507 1395 540 τε
1424 482 1515 540 καὶ
1552 484 1913 565 συνέμισγον.

311 577 370 632 ἐν
433 572 606 651 ταύτῃ
673 576 746 650 τῇ
797 570 1078 650 ναυμαχίῃ
1145 568 1535 647 παραπλήσιοι
1600 569 1915 646 αλλήλοισι

311 660 574 739 ἐγίνοντο·
632 659 663 720 ὁ
701 658 811 739 γοῖρ
853 660 1069 737 Ξέρξεω
1110 683 1354 735 στρατος
1392 656 1503 715 ὖπὸ
1543 658 1815 737 μεγάθεός
1852 686 1917 719 τε

311 748 402 806 καὶ
453 747 700 849 πλήθεος
756 746 920 810 αυτός
971 745 1064 805 υπ’
1114 748 1317 805 ἑωυτοῦ
1372 746 1582 813 ἔπιπτε,
1630 770 1917 822 ταρασσο-

307 836 512 913 μενέων
577 861 640 895 τε
704 839 815 895 τῶν
883 836 1017 894 νέὣν
1083 835 1174 893 καὶ
1239 834 1721 909 περιπιπτουσέων
1785 838 1917 912 περὶ

309 922 587 998 α’λλήλας·
630 922 798 1000 ὅμως,
813 924 1006 999 μέντοι
1045 921 1265 1000 α’ντεῖχε
1302 920 1393 979 καὶ
1430 919 1530 979 οὕκ
1564 920 1693 979 εἳκε·
1734 922 1916 983 ὃεινὸν

306 1011 416 1091 γοῖρ
457 1016 653 1090 χρῆμα
697 1015 977 1070 ἐποιεῦντο
1006 1010 1128 1069 ’ὑπὸ
1178 1013 1313 1069 νεῶν
1359 1008 1564 1087 ὀλίγων
1617 1013 1671 1071 ἐς
1726 1010 1915 1089 φυγήν

304 1099 636 1174 τραπέσθαι.
721 1098 937 1156 πολλαὶ
995 1100 1100 1174 μὲν
1154 1096 1222 1172 δή
1283 1100 1393 1156 τῶν
1448 1094 1738 1171 Ἐλλήνων
1798 1101 1914 1163 νέες

306 1184 700 1262 διεφθείροντο,
772 1185 982 1243 πολλοὶ
1052 1185 1111 1243 δὲ
1178 1182 1388 1261 ἄνδρες·
1471 1187 1672 1263 πολλῷ
1732 1184 1777 1243 δ’
1834 1188 1911 1246 ἔτι

305 1272 538 1335 πλεῦνες
579 1274 695 1335 νέες
733 1299 796 1333 τε
836 1276 944 1333 τῶν
983 1270 1297 1351 βαρβάρων
1340 1272 1431 1330 καὶ
1476 1272 1685 1349 ἄνδρες
1770 1300 1911 1334 ουτω

305 1360 365 1418 δὲ
389 1359 780 1440 ἀγωνιζόμενοι
809 1360 1115 1437 διέστησαν
1141 1360 1308 1439 χωρὶς
1335 1360 1600 1437 ἑκάτεροι.

211 1448 285 1509 17
383 1446 483 1508 Ἐν
521 1448 694 1527 ταύτῃ
734 1454 807 1528 τῇ
849 1474 1129 1530 ναυμαχιῃ
1158 1447 1455 1561 Αἰγύπτιοι
1489 1450 1593 1523 μὲν
1630 1444 1741 1507 τῶν
1772 1450 1909 1527 ’Ξέρ-

303 1536 406 1606 ξεω
447 1540 828 1615 στρατιωτέων
888 1538 1249 1616 η’ρίστευσαν·
1295 1563 1349 1594 οι
1390 1534 1543 1595 ἄλλα
1582 1562 1644 1595 τε
1684 1537 1909 1617 μεγάλα

403 1651 438 1684 α
493 1625 842 1701 απεὸέξαντο,
900 1628 992 1685 καὶ
1033 1627 1158 1688 νέας
1200 1624 1421 1683 αὐτοῖσι
1478 1622 1713 1699 ἀνδράσι
1756 1625 1909 1685 εἶλον

302 1708 637 1790 Ἑλληνίδας
677 1715 859 1776 πέντε·
942 1719 1052 1775 τῶν
1094 1714 1153 1773 δὲ
1192 1711 1481 1788 Ελλήνων
1524 1710 1665 1771 κατὰ
1703 1712 1909 1790 ταύτην

300 1800 404 1877 τὴν
427 1805 432 1808 ’
452 1803 664 1881 ἡμέρην
717 1803 1059 1882 ἠρίστευσαν
1103 1801 1407 1876 Ἀθηναῖοι,
1467 1801 1559 1858 καὶ
1597 1799 1909 1875 Ἀθηναίων

301 1891 564 1967 Κλεινίης
605 1891 636 1950 ὁ
677 1890 1066 1966 Ἀλκιβιάδεω,
1097 1889 1158 1952 ὃς
1198 1888 1455 1964 δαπάνην
1489 1889 1701 1964 οἰκηΐην
1740 1915 1905 1966 παρε-

299 1977 537 2056 χόμενος
589 1978 956 2055 ἐστρατεύετο
1005 1975 1244 2053 ἀνδράσι
1300 2002 1363 2035 τε
1425 1977 1763 2052 διηκοσίοισι
1817 1976 1909 2048 καὶ

303 2067 482 2144 οἰκηΐῃ
511 2066 618 2142 νηΐ.

209 2153 282 2210 18
380 2151 475 2214 Ὡς
530 2153 589 2211 δὲ
644 2153 963 2228 διέστησαν,
1021 2151 1257 2229 ἅσμενοι
1322 2151 1567 2229 ἑκάτεραι
1621 2157 1675 2215 ἐς
1729 2151 1905 2228 ὅρμον

297 2238 616 2320 ἠπείγοντο·
668 2245 721 2300 οἱ
763 2241 820 2299 δὲ
851 2240 1145 2316 Ἐλληνες,
1190 2239 1261 2303 ὥς
1300 2239 1665 2316 διακριθέντες
1708 2245 1767 2298 ἐκ
1806 2245 1908 2315 τῆς

301 2329 606 2406 ναυμαχίης
645 2327 1118 2406 ἀπηλλάχθησαν,
1148 2332 1259 2388 τῶν
1294 2330 1399 2403 μὲν
1434 2332 1638 2404 νεκρῶν
1675 2329 1766 2386 καὶ
1796 2332 1907 2387 τῶν

301 2417 572 2494 ναυηγίων
609 2415 955 2494 ἐπεκράτεον·
996 2416 1243 2494 τρηχέως
1275 2417 1333 2474 δὲ
1370 2416 1775 2491 περιεφθέντες,
1816 2415 1909 2474 καὶ

300 2500 400 2560 οὐκ
453 2502 660 2578 ἥκιστα
712 2503 998 2580 Ἀθηναῖοι
1051 2508 1161 2563 τῶν
1215 2507 1273 2562 αἱ
1325 2503 1559 2580 ’ἡμίσεαι
1613 2507 1723 2562 τῶν
1774 2508 1909 2562 νεῶν

296 2592 630 2668 τετρωμέναι
656 2591 819 2668 ἦσαν,
851 2592 1106 2670 ὃρησμόν
1143 2592 1211 2667 δὴ
1246 2591 1550 2668 ἐβούλευον
1589 2592 1698 2650 ἔσω
1726 2596 1779 2654 ἐς
1805 2590 1909 2665 τὴν

208 2679 280 2734 19
297 2676 566 2739 Ἑλλάδα.
653 2679 787 2759 Νόῳ
829 2681 888 2738 δὲ
935 2679 1136 2756 λαβών
1176 2679 1210 2738 ὁ
1251 2679 1685 2755 Θεμιστοκλέης,
1732 2677 1817 2748 ὥς,
1862 2682 1910 2737 εἴ,

299 2763 640 2848 ἀπορραγείη
668 2768 780 2826 άπὸ
808 2772 908 2827 τοῦ
934 2765 1241 2843 βαρβάρου
1266 2767 1334 2826 τό
1358 2790 1420 2825 τε
1446 2765 1694 2825 Ἰωνικὸν
1723 2769 1909 2840 φῦλον

300 2854 392 2910 καὶ
410 2854 476 2913 τό
500 2857 766 2931 Καρικὸν,
792 2855 905 2913 οἶοί
925 2879 989 2912 τε
1015 2855 1212 2928 εἴησαν
1231 2858 1341 2912 τῶν
1361 2856 1576 2912 λοιπῶν
1600 2851 1909 2930 κατύπερθε

299 2942 576 3018 γενέσθαι,
629 2943 971 3004 ἐλαυνόντων
1021 2945 1130 3001 τῶν
1177 2941 1443 3015 Εὐβοέων
1495 2940 1763 3017 πρόβατα
1817 2940 1908 2998 ἐπὶ

297 3025 400 3100 Τῆν
455 3030 774 3100 θάλασσαν,
816 3031 990 3109 ταύτῃ
1033 3029 1316 3097 συλλέξας
1355 3027 1483 3090 τοῦς
1539 3027 1929 3106 στρατηγούς,ἱ

302 3113 461 3194 ἔλεγέ
486 3124 598 3192 σφι
625 3118 696 3180 ὦς
722 3119 904 3177 δοκέοι
943 3119 1088 3196 ἔχειν
1122 3116 1247 3174 τινοὶ
1284 3115 1551 3190 παλάμην
1583 3118 1654 3190 τῇ
1690 3115 1907 3184 ἐλπίζοι

298 3203 409 3259 τῶν
433 3204 712 3276 βασιλέος
739 3205 1054 3283 συμμάχων
1080 3202 1431 3277 ἀποστήσειν
1456 3201 1585 3262 τούς
1622 3200 1905 3276 ἀρίστους·

297 3288 472 3343 Ταῦτα
497 3291 601 3363 μέν
625 3315 723 3349 νυν
755 3296 810 3354 ἐς
839 3294 1084 3351 τοσοῦτο
1119 3287 1494 3367 παρεγύμνου·
1538 3286 1630 3344 ἐπὶ
1668 3286 1727 3344 δὲ
1752 3289 1907 3346 τοῖσι
