2259 3500
382 118 596 184 50—52]
969 117 1375 168 ΤΕΡΨῙΧΟΡΗ.
1914 118 1981 168 23

379 198 590 275 μένεος,
643 199 948 276 προέβαινε
1003 201 1159 258 τοῖσι
1210 197 1469 276 χρήμασι
1519 195 1901 274 ὖπερβάλλων
1951 194 1986 256 ὅ

381 284 792 367 Ἀρισταγόρης
831 292 886 350 ἐς
926 283 991 346 οὗ
1030 285 1375 362 πεντήκοντά
1411 311 1475 346 τε
1515 285 1767 345 τάλαντα
1790 283 1983 344 ὑποδέ-

383 374 564 444 δέκτο,
594 375 686 432 καὶ
711 373 778 434 τό
804 374 1026 436 παιδίον
1054 373 1355 450 ηὐδάξατο.
1396 384 1430 410 “
1446 371 1641 449 πάτερ,
1669 372 1986 448 διαφθερέει

385 487 457 520 σε
481 461 516 521 ὄ
545 462 737 531 ξεῖνος,
764 460 834 538 ἢν
858 461 940 538 μή
967 461 1225 526 α’,ποσταῖς
1260 460 1397 541 fys-’⁹
1479 460 1513 522 ὅ
1537 486 1599 521 τε
1626 459 1695 536 δή
1730 461 1984 536 Κλεομέ-

386 575 498 624 νης,
525 548 720 625 ἡσθεὶς
755 553 856 609 τοῦ
881 549 1104 608 παιδίου
1128 554 1203 628 τῇ
1226 549 1553 626 παραινέσει
1588 548 1675 625 ἤϊε
1713 553 1767 615 ἐς
1800 549 1987 626 ἔτερον

387 638 608 714 οἴκημα,
635 639 729 697 καὶ
753 637 788 697 ὁ
817 636 1230 719 Ἀρισταγόρης
1266 637 1681 699 ἀπαλλάσσετο
1710 636 1777 697 τό
1809 636 1985 713 παρά-

386 751 500 786 παν
538 731 600 785 ε’κ
639 730 741 801 τῆς
794 726 1073 802 Σπάρτης·
1126 725 1256 786 οὐδέ
1293 729 1347 786 οἱ
1386 726 1665 806 ἐξεγένετο
1718 724 1985 785 ἐπιπλέον

385 814 470 873 ἔτι
494 817 746 892 σημῇναι
770 814 897 890 περὶ
921 818 1021 890 τῆς
1048 813 1246 874 ἀνόδου
1271 819 1371 890 τῆς
1396 813 1549 889 παρὰ
1574 813 1847 889 βασιλέα.

457 900 624 980 Ἔχει
661 901 772 983 γάρ
811 901 964 977 ἀμφὶ
1000 901 1072 979 τῇ
1114 901 1223 980 ὁδῷ
1258 902 1432 981 ταύτῃ
1464 899 1585 961 ὦδε·
1640 901 1895 976 σταθμοί
1924 925 1987 960 τε
2000 902 2080 960 52

387 993 649 1068 πανταχῆ
677 993 788 1049 εἰσι
819 988 1139 1066 βασιλήῖοι,
1167 989 1261 1048 καὶ
1292 989 1627 1054 καταλύσιες
1658 987 1985 1057 κάλλισται,

385 1075 480 1136 διαὶ
509 1076 826 1154 οἰκεομένης
850 1075 970 1153 τε“ἧ
997 1075 1124 1140 ὁδὸς
1158 1075 1355 1136 ἅπασα
1382 1077 1474 1136 καὶ
1499 1075 1815 1153 άσφαλέος.
1897 1073 1989 1136 &d

385 1164 492 1240 μέν
516 1190 585 1246 γε
609 1165 817 1241 Λυδίης
843 1165 936 1224 καὶ
962 1165 1207 1246 Φρυγίης
1243 1165 1491 1242 σταθμοὶ
1515 1167 1783 1228 τείνοντες
1808 1163 1992 1224 εἴκοσί

389 1255 518 1324 εἶσι,
559 1253 926 1334 παρασάγγαι
965 1253 1025 1312 δὲ
1063 1253 1331 1330 τέσσερες
1369 1253 1462 1314 καὶ
1502 1252 1857 1329 ἐννενήκοντα
1895 1251 1989 1311 καὶ

388 1341 586 1419 ἥμισυ.
665 1341 942 1402 ἐκδέκεται
983 1340 1029 1400 δ’
1064 1345 1126 1400 ἔκ
1123 1344 1257 1454 ,τῆς
1287 1342 1531 1424 Φρυγίης
1560 1340 1593 1402 ὅ
1629 1352 1664 1377 “
1679 1340 1859 1404 Ἀλυς
1887 1367 1985 1400 πο-

389 1429 584 1507 ταμῖός·
625 1429 709 1490 ἐπ’
742 1429 786 1509 ᾧ
819 1430 996 1490 πύλαι
1022 1455 1086 1490 τε
1119 1429 1319 1500 ἔπεισι,
1345 1453 1448 1492 τας
1482 1427 1804 1500 διεξελάσαι
1826 1433 1989 1488 πᾶσα

393 1517 606 1600 ἀνάγκη
633 1519 725 1578 καὶ
751 1516 892 1578 οὕτω
912 1518 1204 1624 διεκπερᾶν
1229 1543 1329 1577 τον
1354 1516 1625 1595 ποταμὸν,
1654 1518 1747 1576 καὶ
1774 1522 1989 1593 φυλακ-

391 1606 585 1682 τήριον
609 1604 758 1686 μέγα
793 1604 878 1664 ἐπ’
905 1604 1068 1684 αὖτῶ.
1138 1601 1413 1682 διαβάντι
1446 1605 1557 1665 δὲ’
1532 1631 1587 1668 ες
1610 1605 1715 1681 τήν
1747 1611 1989 1665 Καππα-

391 1693 586 1770 δοκίην
650 1693 742 1753 καὶ
800 1691 975 1772 ταύτῃ
1027 1693 1379 1774 πορευομένω
1428 1692 1599 1773 μέχρι
1650 1717 1823 1770 ουρων
1880 1718 1993 1754 των

393 1783 678 1853 Κιλικίων,
732 1782 979 1858 σταθμοὶ
1035 1782 1179 1843 δυῶν
1236 1780 1453 1845 δέοντες
1512 1786 1625 1841 εἰσι
1675 1779 1989 1857 τριήκοντα,

389 1869 756 1952 παρασάγγαι
795 1869 856 1929 δὲ
893 1868 1162 1946 τέσσερες
1202 1869 1295 1929 καὶ
1338 1868 1554 1930 ἑκατόν·
1602 1867 1695 1927 ἐπὶ
1740 1868 1801 1927 δὲ
1838 1871 1993 1928 τοῖσι

389 1958 598 2019 τούτων
637 1958 854 2036 οὔροισι
896 1956 1048 2027 διξάς
1086 1984 1149 2017 τε
1189 1956 1373 2021 πύλας
1413 1957 1678 2037 διεξελᾷς,
1719 1956 1813 2017 καὶ
1866 1955 1991 2027 διξσῖ

391 2047 746 2125 φυλακτήρια
801 2048 1199 2125 παραμείψεαι.
1279 2051 1455 2107 ταῦτα
1502 2046 1562 2107 δὲ
1606 2044 1993 2117 διεξελάσαντι

390 2138 484 2195 καὶ
537 2134 629 2195 διδ.
683 2140 784 2210 τῆς
837 2135 1102 2211 Κιλικίης
1146 2134 1279 2195 ὄδόν
1328 2134 1633 2215 ποιευμένῳ
1683 2138 1829 2212 τρεῖς
1883 2138 1995 2193 εἰσι

389 2224 654 2301 σταθμοὶ,
698 2221 1065 2304 παρασάγγαι
1113 2222 1173 2282 δὲ
1218 2222 1611 2283 πεντεκαῶεκα
1650 2223 1743 2281 καὶ
1792 2220 1991 2298 ἥμισυ.

390 2311 552 2389 οὖρος
591 2312 652 2370 δὲ
693 2311 952 2386 Κιλικίης
989 2310 1082 2369 καὶ
1109 2315 1212 2386 τῆς
1239 2308 1533 2387 Ἀρμενίης
1564 2310 1689 2371 ε’στὶ
1723 2309 1993 2386 ποταμὸς,

389 2398 812 2476 νηυσιπέρητος,
838 2403 916 2477 τῷ
957 2397 1170 2476 οὕνομα
1208 2398 1534 2475 Εὐφρήτης·
1583 2403 1641 2459 ἓν
1674 2398 1733 2458 δὲ
1764 2402 1835 2477 τῇ
1867 2396 1993 2475 Ἀρ-

387 2488 552 2566 μενίῃ
595 2486 840 2563 σταθμοὶ
880 2486 984 2563 μέν
1032 2491 1145 2547 εἰσι
1186 2487 1547 2568 καταγωγέων
1587 2485 1993 2556 πεντεκαίδεκα,

388 2575 758 2657 παρασάγγαι
797 2574 856 2633 δὲ
897 2574 960 2643 ἓξ
999 2575 1090 2633 καὶ
1130 2573 1475 2650 πεντήκοντα
1516 2573 1610 2633 καὶ
1646 2573 1845 2651 ἥμισυ·
1902 2574 1995 2633 καὶ

390 2663 774 2741 φυλακτήριον
815 2668 872 2742 ἐν
921 2662 1161 2723 αὐτοῖσι·
1214 2662 1461 2739 ποταμοὶ
1501 2662 1561 2722 δὲ
1599 2662 1997 2739 νηυσιπέρητοι

388 2754 656 2829 τέσσερες
709 2750 801 2811 δισῖ
854 2750 1060 2827 ταύτης
1111 2751 1323 2829 ῥέουσι,
1374 2750 1505 2815 τούς
1556 2755 1721 2811 πᾶσα
1778 2749 1993 2831 ἀνάγκη

389 2840 842 2918 διαπορθμεῦσαί
875 2843 1019 2899 ε’στι·
1070 2843 1289 2916 πρῶτος
1326 2842 1431 2917 μὲν
1476 2840 1686 2921 Τίγρις·
1724 2837 1867 2915 μεταῖ
1911 2837 1988 2907 δὲ,

389 2924 642 3003 δεύτερός
684 2952 748 2987 τε
767 2964 772 2967 -
791 2926 884 2985 καὶ
925 2926 1114 3004 τρίτος
1156 2925 1327 2990 &urae
1381 2924 1836 3003 οὖνομαζόμενος,
1892 2922 1993 2983 οὔκ

390 3014 564 3077 ‹av-ras·
591 3014 692 3075 ε’ὢν
718 3014 972 3097 ποτρμὸς
1008 3014 1137 3073 οὐδὲ
1173 3020 1234 3074 ἐκ
1270 3019 1371 3075 τοῦ
1410 3014 1581 3073 αὐτοῦ
1606 3015 1762 3090 ῥέων·
1804 3010 1863 3093 (ὁ
1889 3014 1993 3088 μὲν

385 3102 500 3184 γοὶρ
535 3102 806 3179 πρότερος
831 3102 1012 3163 αὐτῶν
1049 3103 1413 3181 καταλεχθεὶς
1441 3102 1503 3170 ἐξ
1523 3100 1827 3177 Ἀρμενίων
1856 3099 1987 3176 ῥέει,

388 3190 422 3252 ὅ
462 3189 510 3251 δ’
550 3190 806 3268 ὕστερον,
835 3194 896 3249 ἐκ
931 3192 1277 3269 Ματιηνῶν)
1304 3190 1335 3249 ὁ
1368 3190 1428 3248 δὲ
1458 3189 1719 3264 τέταρτος
1748 3190 1860 3248 τῶν
1891 3214 1992 3247 πο-

385 3285 580 3359 ταμῶν
607 3278 819 3357 οὕνομα
845 3278 960 3356 ἔχει
995 3276 1223 3354 Γύνδης,
1258 3276 1357 3337 τόν
1384 3279 1572 3352 Κῦρος
1602 3273 1841 3350 διέλαβέ
1866 3301 1994 3337 κοτε
