2259 3500
351 121 446 170 326
954 118 1321 168 ἭΡοΔοτοΤ
1824 119 1958 184 [lx.

349 202 406 260 οἱ
439 197 502 258 δὲ
536 199 780 276 Πέρσαι
795 197 1104 277 πυθόμενοί
1134 203 1321 272 σφεας
1349 196 1782 307 προσπλέειν,’
1742 201 1964 278 ανῆγον

347 287 440 348 καὶ
467 285 626 346 αὐτοὶ
652 285 800 363 πρὸς
815 285 919 361 τὴν
944 283 1175 362 ἤπειρον
1207 310 1308 348 τας
1340 285 1466 347 νέας
1499 310 1601 346 τας
1625 283 1827 355 αλλας,
1852 286 1962 350 τοὶς

347 373 409 432 δὲ
433 374 698 433 Φοινίκων
729 373 948 448 ἀπῆκαν
983 373 1306 432 οἷποπλέειν·
1348 372 1819 448 βουλευομένοισι
1842 373 1959 453 γάρ

347 467 460 536 σφι
515 459 697 520 ἐδόκεε
745 460 1053 538 ναυμαχίην
1097 459 1179 537 μή
1226 459 1538 519 ποιέεσθαι·
1608 458 1675 518 οὗ
1720 459 1831 540 γὰρ
1880 461 1961 521 ὧν

345 548 564 608 ἐδόκεον
607 548 794 624 ὁμοῖοι
837 547 994 608 εἶναι·
1049 553 1104 610 ἐς
1138 547 1198 606 δὲ
1234 546 1340 622 τὴν
1379 546 1610 624 ἤπειρον
1648 546 1957 619 ἀπέπλεον,

343 635 482 700 ὅκως
503 638 634 696 ἔωσι
650 635 759 694 ὖπὸ
775 635 877 696 τὸν
895 635 1063 706 πεζόν
1089 634 1335 712 στρατόν
1358 634 1460 694 τόν
1480 635 1761 711 σφέτερον
1788 635 1959 696 ἐόντα

345 727 404 784 ἐν
428 727 500 802 τῇ
527 723 792 802 Μυκάλῃ·
829 721 906 791 ὃς,
935 722 1302 786 κελεύσαντος
1326 721 1557 798 Ξέρξεω,
1584 725 1957 800 καταλελειμ-

342 811 507 888 μένος
547 815 649 870 τοῦ
697 809 880 870 ἄλλου
913 813 1174 887 στρατοῦ,
1220 807 1431 884 Ἰωνίην
1474 808 1793 884 ἐφύλασσε·
1850 817 1958 871 τοῦ

342 900 563 974 πλῆθος
600 901 704 976 μὲν
742 896 813 973 ἦν
855 897 917 968 ἓξ
953 897 1230 974 μυριάδες·
1302 896 1640 977 ἐστρατήγεε
1683 897 1743 956 δέ
1778 896 1957 958 αὐτοῦ

341 985 630 1068 Τιγράνης,
675 984 880 1045 κάλλεΐ.ι
919 1009 981 1044 τε
1023 985 1114 1044 καὶ
1160 984 1393 1066 μεγάθεΐ
1426 984 1752 1061 ὑπερφέρων
1802 990 1956 1062 Περ-

341 1075 504 1134 σέων.
585 1073 696 1133 ὖπό
743 1076 944 1133 τοῦτον
983 1075 1088 1149 μὲν
1131 1072 1199 1148 δὴ
1242 1071 1341 1132 τόν
1382 1071 1630 1148 στρατόν
1680 1073 1955 1148 ἐβουλεύ-

341 1186 516 1220 σαντο
579 1159 993 1240 καταφυγόντες
1055 1162 1110 1218 οἱ
1162 1163 1263 1218 τοῦ
1321 1162 1576 1218 ναυτικοῦ
1635 1162 1955 1241 στρατηγοὶ

340 1245 646 1327 ἀνειρύσαι·
662 1244 763 1309 τοῖς
799 1247 938 1314 νέας,
973 1245 1066 1304 καὶ
1105 1246 1525 1323 περιβαλέσθαι
1562 1245 1735 1323 ἕρκος,
1772 1249 1955 1325 ἔρυμα.

245 1333 320 1396 97
338 1337 448 1394 τῶν
493 1337 627 1394 νεῶν
671 1333 762 1392 καὶ
803 1334 996 1410 σφέων
1042 1332 1223 1393 αὐτῶν
1266 1333 1672 1414 κρησφύγετον.
1758 1339 1952 1396 Ταῦτα

335 1421 790 1500 βουλευσάμενοι
830 1421 1122 1504 ἀνήγοντο·
1186 1421 1513 1500 ἀπικόμενοι
1568 1421 1627 1480 δὲ
1678 1422 1833 1498 παρὰ
1872 1425 1947 1485 τό

335 1515 446 1571 τῶν
473 1511 754 1570 Ποτνιέων
785 1510 905 1588 ἶρὸν
938 1514 1057 1586 τῆς·
1073 1509 1350 1586 Μυκάλης
1384 1515 1439 1572 ἐς
1474 1509 1739 1570 Γαίσωνά
1761 1536 1824 1570 τε
1852 1513 1949 1572 καὶ

337 1598 748 1669 Σκολοπόεντα,
786 1591 858 1677 τῇ
895 1597 1197 1676 Δήμητρος
1226 1597 1576 1674 Ἐλευσινίης
1614 1599 1771 1658 ἐστὶν
1804 1599 1947 1676 ἶρόν,

333 1687 399 1747 τό
463 1687 736 1751 Φίλιστος
789 1686 822 1746 ὁ
881 1687 1207 1749 Πασικλέος
1264 1684 1529 1763 ἱδρύσατο
1594 1687 1814 1765 Νείλεῳ
1866 1693 1953 1768 τῷ

334 1774 558 1853 Κόδρου
594 1774 968 1851 ἐπισπόμενος
999 1775 1092 1835 ἐπὶ
1124 1774 1389 1851 Μιλήτου
1424 1773 1671 1843 κτιστύν,
1703 1776 1947 1835 ἐνθαῦτα

331 1862 432 1927 τάς
471 1890 535 1923 τε
580 1864 704 1926 νέας
745 1863 1042 1940 ἀνείρυσαν
1087 1863 1180 1923 καὶ
1210 1862 1621 1939 περιεβάλοπο
1656 1863 1811 1939 ἕρκος
1847 1866 1945 1923 καὶ

331 1952 506 2011 λίθων
558 1950 650 2009 καὶ
695 1949 892 2021 ξύλων,
943 1942 1165 2027 δένδρεα
1217 1948 1547 2027 ἐκκόψαντες
1598 1948 1795 2027 ἥμερα,
1847 1955 1945 2013 καὶ

330 2037 625 2101 σκόλοπας
649 2038 778 2113 περὶ
801 2036 866 2097 τὰ
903 2062 1058 2113 ερκος
1089 2037 1421 2113 κατέπηξαν·
1464 2038 1557 2097 καὶ
1572 2064 1942 2145 παρεσκευα-

332 2126 466 2185 δατο
515 2125 585 2187 ὥς
631 2122 1141 2201 πολιορκησόμενοι
1194 2125 1286 2183 καὶ
1340 2152 1412 2188 ως
1464 2124 1802 2201 νικήσοντες,
1850 2124 1941 2185 ἐπ’

331 2212 645 2288 ἀμφότερα·
688 2211 1074 2292 ἐπιλεγόμενοι
1099 2211 1211 2294 γοὶρ
1238 2215 1739 2291 παρεσκευάζοντο.

237 2302 313 2360 98
413 2301 488 2357 Οἱ
515 2298 573 2356 δὲ
598 2297 876 2373 Ἕλληνες
907 2299 978 2363 ὥς
1009 2300 1279 2362 ἐπύθοντο
1310 2300 1613 2380 οἰχωκότας
1638 2302 1766 2367 τούς
1789 2303 1938 2381 βαρ-

327 2384 542 2463 βάρους
573 2391 637 2468 -ἐς
674 2385 779 2461 τήν
817 2386 1063 2464 ἤπειρον,
1101 2387 1345 2467 ἤχθοντο
1382 2387 1455 2451 οἷς
1492 2389 1937 2470 ἐκπεφευγότων·

329 2478 390 2533 ἐν
428 2473 634 2553 ἀπορίῃ
673 2500 736 2535 τε
777 2473 993 2552 εἴχοντο
1034 2474 1068 2535 ὅ
1105 2502 1161 2535 τι
1201 2476 1451 2545 ποιέωσι,
1481 2477 1589 2535 εἴτε
1629 2475 1937 2537 ἀπαλλάσ-

326 2587 535 2622 σωνται
576 2561 758 2621 ὀπίσω
800 2563 908 2622 εἴτε
949 2564 1309 2623 καταπλέωσι
1350 2562 1433 2623 ἐπ’
1473 2563 1934 2639 Ἑλλησπόντου·

323 2650 488 2713 τέλος
513 2648 560 2709 δ’
583 2650 734 2719 ἔδοξε
752 2649 959 2709 τούτων
978 2652 1082 2727 μὲν
1100 2651 1375 2729 μηδέτερα
1400 2651 1625 2721 ποιέειν,
1648 2652 1938 2712 ἐπιπλέειν

329 2736 389 2795 δὲ
415 2736 508 2795 ἐπὶ
532 2736 638 2811 τήν
663 2734 912 2813 ἤπειρον·
953 2738 1516 2816 παρασκευασάμενοι
1542 2738 1617 2798 ὦν
1644 2744 1699 2801 ἐς
1726 2764 1937 2816 ναυμα-

322 2824 453 2901 χίην
479 2824 572 2881 καὶ
595 2823 930 2901 ἀποβάθρας
961 2825 1054 2883 καὶ
1084 2824 1154 2884 τὰ
1192 2824 1348 2883 ἅλλα
1384 2825 1534 2886 ὅσων
1568 2827 1697 2897 ἔδεε,
1726 2827 1935 2887 ἔπλεον

323 2910 414 2967 ἐπὶ
454 2914 555 2985 τῆς
593 2910 886 3020 Μυκάλης.
970 2913 1089 2971 ἐπεὶ
1129 2913 1189 2972 δὲ
1228 2912 1410 2993 ἀγχοῦ
1444 2940 1508 2973 τε
1543 2915 1789 2995 ἐγίνοντο
1830 2919 1935 2975 τοῦ
2010 2962 2019 2971 .

322 2998 720 3071 στρατοπέδου,
749 3000 840 3058 καὶ
868 2998 1042 3062 οὐδεὶς
1069 3000 1327 3074 ἐφαίνετό
1354 3007 1519 3076 σφι’
1494 3001 1932 3083 επαναγόμενος,

321 3080 543 3141 σῖλλα”
502 3110 652 3161 ωρων
678 3086 801 3148 νέας
827 3086 1294 3164 ἀνελκυσμένας”
1266 3114 1377 3147 εσω
1401 3093 1501 3147 τοῦ
1526 3090 1754 3167 τείχεος,
1786 3094 1933 3149 πολ-

323 3167 431 3227 λον
481 3170 540 3228 δὲ
578 3173 748 3243 πεζον
783 3175 1258 3251 παρακεκριμένον
1304 3200 1457 3251 παρα
1502 3174 1603 3236 τόν
1646 3174 1931 3255 αἶγιαλον,

323 3252 555 3312 ἐνθαῦτα
577 3262 798 3332 πρῶτον
815 3262 919 3335 μὲν
938 3264 997 3321 ἐν
1014 3264 1088 3339 τῇ
1113 3262 1205 3336 νηῒ
1231 3261 1585 3338 παραπλέων,
1608 3261 1932 3341 ἐγχρίμψας
