2259 3500
305 125 400 177 274
930 120 1299 171 ‘HPOAo'ro‘r
1720 122 1904 189 [vlu

214 205 330 265 134
347 203 585 281 πέμψαι.
669 201 854 265 Οὗτος
887 199 920 262 ὁ
953 200 1080 261 Μῦς
1111 198 1166 260 ἔς
1198 223 1264 259 τε
1298 196 1613 274 Λεβάδειαν
1654 204 1909 278 φαίνεται
1942 268 1949 273 ‚

309 289 656 367 ἀπικόμενος,
685 290 777 347 καὶ
803 289 989 367 μισθῷ
1017 298 1221 351 πείσας
1251 292 1363 348 τῶν
1398 289 1701 367 ἐπιχωρίων
1737 288 1911 367 ἄνδρα

311 381 626 454 καταβῆναι
684 376 837 453 παρὰ
906 375 1247 452 Τροφώνιον,
1304 376 1397 434 καὶ
1464 382 1518 439 ἐς
1572 376 1765 453 ”Αβας
1814 379 1913 441 τσῖς

311 468 541 525 Φωκέων
581 464 912 541 ἀπικόμενος
953 464 1046 523 ε’πὶ
1085 463 1153 524 τὸ
1193 464 1555 542 χρηστήριον·
1598 466 1689 523 καὶ
1725 466 1793 541 δὴ
1820 468 1913 524 καὶ

313 559 368 617 ἐς
393 554 593 629 Θήβας
617 556 812 629 πρῶτα
839 551 910 616 ὥς
947 550 1195 620 οἷπίκετο,
1222 556 1390 611 τοῦτο
1422 554 1525 627 μὲν
1548 556 1626 629 τῷ
1650 552 1913 631 Ἰσμηνίῳ

310 638 630 701 Ἀπόλλωνι
651 639 953 718 ἐχρήσατο·
985 640 1130 719 (ἔστι
1158 639 1233 709 δὲ,
1258 638 1502 716 κατάπερ
1531 644 1589 698 ἐν
1608 638 1911 718 Ὀλυμπίῃ,

314 732 487 806 ἱροῖσι
539 727 736 788 αὐτόθι
786 726 1345 807 χρηστηριάζεσθαι·)
1411 730 1579 787 τοῦτο
1632 727 1691 785 δὲ
1772 728 1912 789 εἳνόν

311 843 436 877 τινα
463 816 554 876 καὶ
583 814 646 876 οὗ
675 817 932 891 Θηβαῖον
958 814 1217 894 χρήμασι
1248 816 1448 877 πείσας
1480 816 1835 891 κατεκοίμισε
1861 820 1915 879 ἐς

311 902 649 981 Ἀμφιάρεω.
739 904 1005 978 Θηβαίων
1031 903 1091 962 δὲ
1127 901 1307 962 οὐδενὶ
1338 902 1521 971 ἔξεστι
1545 902 1915 977 μαντεύεσθαι

315 990 527 1062 αὐτόθι,
555 991 646 1051 διὰ
679 990 826 1051 τόδε·
871 990 1135 1050 ἐκέλευσέ
1168 996 1353 1064 σφεας
1378 989 1410 1049 ὁ
1442 989 1795 1065 Ἀμφιάρεως
1826 989 1916 1049 διαὶ

314 1080 669 1158 χρηστηρίων
704 1078 1026 1153 ποιεύμενος
1065 1076 1297 1154 ὁκότερα
1335 1076 1645 1153 βούλονται
1686 1078 1918 1137 ἑλέσθαι

313 1166 537 1239 τούτων,
567 1170 746 1244 ἑωυτῷ
769 1163 806 1240 ἦ
834 1164 931 1224 ἅτε
956 1164 1124 1240 μάντι
1150 1164 1435 1242 χρέεσθαι,
1456 1163 1493 1241 ἢ
1514 1165 1611 1225 ἅτε
1639 1166 1917 1246 συμμάχῳ

314 1256 414 1312 τοῦ
443 1253 628 1329 ἑτέρου
655 1251 1051 1329 ἀπεχομένους·
1086 1254 1141 1311 οἱ
1167 1252 1227 1311 δὲ
1252 1251 1557 1331 σύμμαχόν
1575 1278 1671 1329 μιν
1698 1254 1918 1314 εἴλοντο

319 1339 476 1401 εἶναι·
545 1339 638 1399 διὰ
688 1342 862 1399 τοῦτο
907 1341 1011 1416 μὲν
1054 1338 1155 1399 οὐκ
1199 1339 1379 1409 ἔξεστι
1422 1341 1688 1416 Θηβαίων
1741 1340 1918 1401 οὐδενὶ

227 1428 342 1487 135
363 1427 560 1489 αὐτόθι
628 1428 1186 1508 ἐγκατακοιμηθῆναι.
1268 1426 1409 1487 Τόδε
1476 1428 1537 1487 δὲ
1604 1428 1763 1506 θῶμά
1820 1454 1918 1506 μοι

315 1516 588 1597 μέγιστον
634 1516 898 1597 γενέσθαι
935 1515 1181 1594 ’λέγεται
1234 1513 1346 1575 ὖπὸ
1400 1516 1682 1592 Θηβαίων·
1736 1518 1919 1577 ἐλθεῖν

317 1602 427 1681 ἄρα
459 1602 557 1665 τᾶν
593 1602 862 1681 Εὐρωπέα
896 1608 1044 1675 Μῦν,
1075 1603 1615 1680 περιστρωφώμενον
1642 1603 1825 1663 πάντα
1847 1604 1919 1664 τοὶ

315 1692 649 1771 χρηστήρια,
671 1692 764 1752 καὶ
791 1696 845 1756 ἐς
869 1695 969 1752 τοῦ
987 1691 1191 1762 Πτώου
1208 1691 1571 1756 ’Λπόλλωνος
1588 1691 1655 1752 τό
1674 1692 1917 1768 τέμενος·

316 1784 484 1841 τοῦτο
521 1781 580 1840 δὲ
613 1779 680 1841 τό
717 1778 838 1858 ἶρόν
869 1781 1130 1841 καλέεται
1163 1782 1268 1857 μὲν
1304 1783 1521 1850 Πτῶον,
1558 1780 1681 1840 ἔστι
1716 1781 1775 1840 δὲ
1811 1787 1920 1857 Θη-

315 1868 514 1944 βαίων,
557 1869 738 1928 κέεται
777 1868 838 1927 δὲ
876 1866 1016 1945 ὖπὲρ
1055 1872 1159 1942 τῆς
1203 1868 1499 1931 Κωπαΐδος
1544 1869 1745 1944 λίμνης
1782 1867 1922 1946 πρός

321 1953 485 2033 οὔρεϊ,
529 1955 820 2037 ἀγχοτάτω
867 1954 1231 2031 Ἀκραιφνίης
1270 1955 1489 2018 πόλιος·
1559 1960 1613 2018 ἐς
1650 1959 1816 2015 τοῦτο
1854 1954 1921 2016 τό

321 2043 440 2118 ἶρόν
466 2045 590 2103 ἐπεί
620 2068 682 2102 τε
713 2043 1016 2119 παρελθεῖν
1047 2042 1148 2102 τᾶν
1180 2041 1519 2118 καλεόμενον
1548 2047 1747 2103 τοῦτον
1775 2047 1920 2114 Μῦν,

319 2130 562 2190 ἕπεσθαί
584 2132 637 2188 οἱ
663 2132 774 2188 τῶν
799 2128 987 2189 ἀστῶν
1013 2128 1260 2206 αῖρετοῧς
1286 2128 1487 2206 ἄνδρας
1513 2134 1659 2206 τρεῖς
1684 2129 1796 2191 άπό
1822 2134 1923 2190 τοῦ

321 2220 524 2286 κοινοῦ,
554 2215 623 2280 ὥς
649 2215 1147 2297 ἀπογραψομένους
1170 2216 1241 2276 τοῖ
1270 2217 1549 2277 θεσπιέειν
1576 2219 1797 2294 ἔμελλε·
1831 2219 1923 2278 καὶ

321 2303 565 2380 πρόκατε
590 2304 691 2364 τᾶν
715 2303 1024 2381 πρόμαντιν
1051 2303 1334 2384 βαρβάρῳ
1360 2304 1603 2385 γλώσσῃ
1628 2309 1791 2385 χρᾶν·
1834 2306 1924 2364 καὶ

319 2389 449 2454 τοῦς
473 2393 576 2468 μὲν
603 2392 900 2468 ἑπομένους
925 2396 1035 2453 τῶν
1071 2393 1339 2468 Θηβαίων
1364 2397 1424 2452 ἐν
1456 2392 1668 2469 θώματι
1696 2394 1925 2472 ἔχεσθαι

321 2476 624 2543 α’κούοντας
657 2479 962 2557 βαρβάρου
998 2479 1270 2562 γλώσσης
1308 2479 1431 2540 ἀντὶ
1466 2479 1762 2550 Ἑλλάδος,
1801 2479 1925 2540 οὐδὲ

322 2565 467 2644 ἔχειν
490 2564 524 2626 ὅ
550 2593 606 2626 τι
641 2567 954 2646 χρήσονται
983 2572 1059 2647 τῷ
1093 2566 1357 2644 παρεόντι
1392 2567 1699 2648 πρήγματι·
1739 2568 1839 2628 τόν
1866 2567 1926 2626 δὲ

319 2653 592 2733 Εὐρωπέα
607 2661 738 2715 Μῦν
762 2653 1155 2734 ἐξαρπάσαντα
1178 2654 1309 2732 παρ’
1337 2653 1517 2715 αὐτῶν
1535 2655 1639 2731 τὴν
1659 2655 1926 2732 ἐφέροντο

323 2741 539 2812 δέλτον,
565 2743 638 2802 τα
675 2742 955 2823 λεγόμενα
989 2741 1100 2802 ὖπό
1131 2745 1233 2802 τοῦ
1269 2742 1569 2820 προφήτεω
1607 2743 1847 2824 γράφειν
1873 2747 1924 2806 ἐς

323 2828 514 2906 αὐτήν·
544 2829 719 2907 φάναι
741 2830 802 2889 δὲ
822 2830 1008 2908 Καρίῃ
1028 2854 1126 2905 μιν
1144 2828 1387 2910 γλώσσῃ
1407 2834 1569 2908 χρᾶν·
1598 2826 1928 2911 συγγραψά-

323 2942 492 2994 μενον
519 2918 578 2976 δὲ
605 2918 862 2997 οἴχεο-θαι
889 2917 1128 2977 ἀπιόντα
1154 2921 1210 2978 ἐς
1236 2919 1586 2993 Θεσσαλίην.

233 3006 346 3063 136
448 3005 765 3083 Μαρδόνιος
795 3005 854 3064 δὲ
892 3002 1285 3080 ἐπιλεξάμενος
1320 3004 1352 3063 ὅ
1384 3031 1440 3064 τι
1476 3004 1543 3080 δή
1584 3005 1653 3080 ἦν
1686 3005 1927 3085 λέγοντα

324 3090 398 3150 τοὶ
455 3093 790 3171 χρηστήρια,
860 3090 1002 3169 μετὰ
1067 3095 1244 3150 ταῦτα
1310 3093 1523 3168 ἔπεμψε
1574 3092 1819 3172 ἄγγελον
1870 3095 1925 3154 ἐς

323 3175 386 3236 'A
394 3178 561 3254 θήνας
577 3178 947 3257 Ἀλέξανδρον
970 3177 1072 3238 τᾶν
1095 3178 1393 3255 Ἀμύντεω,
1414 3179 1587 3254 ἄνδρα
1605 3178 1924 3238 Μακεδόνα·

327 3263 444 3337 ἅμα
469 3269 572 3339 μὲν
597 3267 684 3328 ὅτι
711 3270 766 3327 οἱ
792 3266 1136 3343 προσκηδέες
1162 3270 1215 3326 οἱ
1242 3267 1466 3339 Πέρσαι
1498 3266 1665 3340 ἦσαν·
1707 3265 1924 3342 (Ἀλεξ-
