2259 3500
276 161 369 211 112
880 158 1246 213 ‘11P0A0'1'0'r
1749 154 1875 219 [vr.

282 261 393 316 ρων
426 238 736 316 ἠρέσκοντο
777 241 831 297 οἶ
872 236 965 295 ἀπ’
990 236 1268 311 Ἀθηνέων
1301 234 1612 317 ἀπιγμένοι,
1642 234 1734 293 καὶ
1758 234 1881 293 τού-

284 352 391 385 των
424 330 651 402 μᾶλλον
685 324 1075 398 Ἱπποκλείδης
1111 322 1144 383 ὅ
1170 322 1482 400 Τισάνδρου
1518 322 1611 380 καὶ
1647 321 1763 382 κατ’
1790 321 1882 383 οἷν-

286 414 590 493 δραγαθίην
622 413 878 488 ἐκρίνετο,
908 412 1000 470 καὶ
1026 410 1115 470 ὅτι
1141 410 1212 469 τοὶ
1240 409 1471 471 ἀνέκαθε
1495 414 1648 468 τοῖσι
1683 414 1740 469 ἐν
1768 415 1882 469 Κο-

196 503 307 559 129
327 502 494 580 ρίνθῳ
523 500 881 578 Κυψελίδῃσι
912 498 983 574 ἦν
1016 497 1331 576 προσήκων.
1414 496 1513 561 Ὦς
1553 497 1612 557 δὲ
1646 496 1683 572 ἦ
1725 499 1884 575 κυρίη

288 586 504 668 ἐγένετο
542 591 652 648 τῶν
687 587 933 665 ἡμερέων
966 590 1068 662 τῆς
1098 612 1162 646 τε
1188 586 1548 648 κατακλίσιος
1571 588 1672 645 τοῦ
1695 582 1883 665 γάμου

286 676 380 735 καὶ
407 674 678 753 ἐκφάσιος
705 674 872 735 αύτοῦ
900 674 1290 742 Κλεισθένεος,
1315 672 1416 733 τᾶν
1451 674 1626 750 κρίνοι
1657 676 1717 731 ἐκ
1747 671 1882 731 πάν-

286 790 410 833 των,
440 763 616 825 θύσας
640 764 785 839 βοῦς
812 762 1006 823 ἓκατόν
1030 761 1062 821 ὅ
1084 760 1434 835 Κλεισθένης
1461 758 1660 839 εύῶχεε
1686 757 1884 823 αύτούς

285 876 348 909 τε
381 850 510 914 τούς
544 853 872 927 μνηστῆρας
909 850 1002 908 καὶ
1033 848 1164 911 τούς
1192 847 1518 911 Σικυωνίους
1545 846 1774 909 πάντας·
1812 846 1884 911 ὥς

286 938 348 997 δὲ
388 938 500 998 ἅπό
545 938 767 998 δείπνου
812 937 1084 1017 ἐγένοντο,
1121 938 1176 995 οἱ
1217 937 1533 1012 μνηστῆρες
1577 936 1688 1010 ἔριν
1730 934 1884 1013 εἶχον

286 1024 442 1102 ἀμφί
482 1051 545 1084 τε
589 1028 835 1103 μουσικῇ
884 1024 977 1082 καὶ
1016 1025 1094 1102 τῷ
1141 1022 1425 1103 λεγομένῳ
1470 1026 1526 1085 ἐς
1569 1020 1635 1081 τό
1682 1022 1882 1097 μέσον·

285 1112 590 1189 προϊούσης
628 1112 689 1171 δὲ
726 1115 827 1186 τῆς
861 1110 1079 1180 πόσιος,
1108 1110 1354 1189 κατέχων
1379 1108 1603 1169 πολλόν
1626 1106 1758 1172 τοῦς
1783 1107 1881 1167 ἅλ-

286 1202 422 1263 λους
448 1198 479 1258 ὁ
504 1198 910 1273 Ἱπποκλείδης,
938 1198 1160 1257 ἐκέλευέ
1198 1200 1252 1257 οἱ
1289 1196 1391 1257 τόν
1431 1194 1683 1272 αύλητῆν
1709 1195 1884 1272 αὐλῆ-

289 1311 390 1344 σαι
429 1287 748 1363 ἐμμέλειαν·
795 1284 1127 1361 πειθομένου
1171 1284 1230 1343 δὲ
1271 1288 1372 1344 τοῦ
1407 1283 1674 1359 αὐλητέω,
1716 1282 1884 1363 ὀρχή-

288 1398 434 1431 σατο
450 1399 463 1413 ·
519 1371 616 1431 καί
653 1398 756 1437 κως
799 1376 977 1451 ἑωυτῷ
1016 1374 1120 1449 μὲν
1167 1372 1415 1450 οἷρεστῶς
1461 1370 1708 1450 ὀρχέετο,
1748 1370 1781 1430 ὁ
1823 1372 1884 1431 δὲ

290 1461 639 1537 Κλεισθένης
664 1460 833 1537 ὁρέων
868 1459 1005 1520 ὅλον
1039 1459 1107 1520 τὰ
1145 1463 1380 1542 πρῆγμα
1405 1458 1701 1519 ύπόπτευε·
1740 1455 1882 1535 μετ-οἶ

290 1548 366 1617 δὲ,
387 1548 635 1628 ἐπισχών
656 1548 689 1609 ὅ
714 1549 1102 1625 Ἱπποκλείδης
1119 1548 1340 1627 χρόνον,
1363 1547 1584 1608 ἐκέλευέ
1605 1572 1730 1607 τινα
1752 1546 1883 1625 τρά-

288 1637 459 1707 πεζαν
484 1641 771 1697 ἐσενεῖκαι·
800 1635 1148 1713 ἐσελθούσης
1174 1637 1234 1696 δὲ
1258 1640 1360 1712 τῆς
1383 1636 1673 1713 τραπέζης,
1691 1638 1884 1711 πρῶτα

288 1726 392 1800 μὲν
424 1723 507 1785 ἐπ’
534 1724 703 1802 αὐτῆς
734 1724 1025 1806 ὀρχήσατο
1059 1722 1352 1786 Λακωνικὰ
1393 1722 1702 1803 σχημάτια·
1743 1722 1884 1801 μετοῖ

288 1813 365 1882 δὲ,
394 1812 548 1873 ἅλλα
574 1813 819 1874 Ἀττικά·
859 1812 926 1873 τό
969 1813 1158 1889 τρίτον
1200 1812 1276 1882 δὲ,
1307 1811 1413 1887 τὴν
1455 1811 1711 1888 κεφαλὴν
1751 1812 1884 1888 ἐρεί-

289 1925 398 1962 σας
424 1901 515 1960 ἐπὶ
541 1899 645 1975 τὴν
679 1899 958 1977 τράπεζαν
998 1902 1153 1958 τοῖσι
1189 1900 1427 1959 σκέλεσι
1467 1898 1881 1978 ἐχειρονόμησε·

292 1987 641 2062 Κλεισθένης
666 1987 740 2055 δὲ,
766 1987 839 2046 τοὶ
864 1989 968 2063 μὲν
993 1989 1188 2062 πρῶ-α
1213 1987 1306 2046 καὶ
1331 1985 1404 2045 τοὶ
1441 1985 1667 2065 δεύτερα
1693 1985 1883 2065 ὀρχεο-

286 2073 457 2149 μένου
493 2071 855 2152 σῖποστυγέων
884 2072 1153 2154 γαμβρὸν
1193 2072 1262 2133 ἅν
1301 2076 1356 2134 οἱ
1382 2075 1460 2134 ἔτι
1474 2073 1747 2155 ’γενέσθαι
1769 2073 1884 2132 Ἱπ-

288 2160 601 2229 ποκλείδεα,
645 2159 737 2218 διὰ
778 2159 882 2236 τήν
921 2185 983 2219 τε
1024 2157 1265 2240 ὄρχησιν
1307 2162 1400 2220 καὶ
1441 2162 1544 2238 τήν
1589 2161 1882 2239 ἀναιδείην,

289 2251 510 2326 κατεῖχε
551 2247 749 2308 ἑωυτόν
790 2246 856 2307 ού
882 2247 1235 2324 βουλόμενος·
1263 2253 1563 2330 ἐκραγῆναι
1605 2254 1660 2313 ἐς
1695 2248 1882 2310 αὐτόν·

293 2335 366 2399 ὦς
410 2335 470 2394 δὲ
514 2335 621 2394 εἶδε
667 2337 821 2395 τοῖσι
868 2336 1104 2395 σκέλεσι
1149 2336 1648 2415 χειρονομήσαντα,
1702 2336 1885 2400 οὐκέτι

289 2423 541 2502 κατέχειν
580 2422 876 2500 δυνάμενος
917 2422 1054 2483 εἶπε·
1097 2434 1132 2459 “
1151 2423 1194 2483 ὦ
1225 2428 1332 2485 παῖ
1358 2423 1750 2502 Τισάνδρου,’
1712 2451 1885 2502 απορ-

286 2509 478 2589 χήσαό
513 2536 581 2592 γε
613 2508 728 2586 μὴν
762 2510 863 2572 τὸν
896 2510 1100 2593 γάμον·
1100 2511 1131 2532 ”
1173 2511 1206 2573 ὁ
1243 2513 1303 2571 δὲ
1327 2511 1784 2588 Ἱπποκλείδης“
1750 2539 1884 2572 υπο-

197 2599 311 2658 130
333 2598 534 2674 λαβων
561 2599 701 2659 εἶπε·
741 2608 777 2635 “
794 2598 859 2658 ού
882 2600 1111 2675 φροντὶς
1126 2598 1540 2678 ιιΙίτ·π·οκλείὸῃ.”
1621 2598 1734 2660 ἇπο
1760 2599 1885 2660 τού-

289 2710 391 2744 του
429 2711 533 2762 μεν
572 2690 739 2747 τοῦτο
780 2685 1161 2763 ούνομάζεται.
1242 2688 1592 2764 Κλεισθένης
1623 2687 1683 2747 δὲ
1715 2713 1887 2768 σιγην

212 2725 235 2830 Y
286 2773 681 2851 ποιησάμενος,
723 2773 877 2844 ἔλεξε
913 2779 967 2838 ἐς
1001 2775 1183 2851 μέσον
1219 2775 1372 2837 τάδε·
1413 2785 1450 2812 “
1465 2774 1656 2852 ἄνδρες
1685 2775 1886 2839 παιὸὂς

286 2863 387 2935 τῆς
414 2865 549 2937 ἐμῆς
572 2866 903 2940 μνηστῆρες,
934 2861 1042 2943 ἐγώ
1075 2864 1168 2924 καὶ
1195 2863 1406 2927 πάντας
1431 2861 1602 2938 ύμέας
1635 2863 1882 2933 ἐπαινέω,

288 2948 381 3006 καὶ
415 2953 591 3008 πᾶσιν
631 2948 780 3027 ύμῖν,
808 2953 857 3008 εἶ
892 2948 1012 3009 οἶόν
1044 2976 1108 3011 τε
1151 2951 1250 3027 εἴη,
1277 2947 1678 3029 χαριζοίμην*
1641 2976 1727 3020 αν,
1754 2949 1884 3026 μήτ’

290 3033 384 3094 ἕνα
424 3035 603 3113 ύμέων
648 3037 925 3116 ἐξαίρετον
967 3035 1277 3115 αποκρίνων
1306 3037 1455 3149 μήτε
1487 3063 1616 3101 τους
1650 3037 1886 3123 λοιπους

287 3118 724 3201 αποδοκιμάζων·
766 3123 899 3184 ἀλλ’
931 3122 997 3184 ού
1039 3123 1148 3205 γὰρ
1193 3123 1284 3184 οἷά
1324 3126 1389 3184 τέ
1429 3130 1554 3184 ἐστι
1592 3128 1726 3201 μιῆς
1755 3126 1885 3201 πέρι

287 3211 563 3285 παρθένου
587 3212 939 3288 βουλεύοντα
977 3216 1121 3272 πᾶσι
1156 3238 1296 3272 κατα
1322 3210 1452 3272 νόον
1477 3213 1704 3282 ποιέειν,
1728 3214 1884 3270 τοῖσι

285 3295 446 3367 μὲν“
412 3298 592 3372 υμέων
618 3297 1123 3377 ἀπελαυνομένοισι
1147 3300 1308 3360 τοῦδε
1332 3304 1433 3360 τοῦ
1457 3299 1642 3378 γάμου
1678 3297 1881 3358 τάλαν-
