2259 3500
364 141 644 209 las-138]
982 140 1351 191 noA‘fflmA.
1867 144 1962 194 173

361 222 588 299 Μήδων,
632 224 885 302 ἔπεμψαν
924 223 1100 300 ἡμέας
1143 222 1572 300 Λακεδαιμόνιοι
1606 220 1730 283 ἀντὶ
1755 226 1868 283 τῶν
1904 228 1964 284 ἐν

364 310 597 389 Σπάρτῃ
622 310 985 388 ἀπολομένων
1012 310 1274 387 κηρύκων,
1301 310 1499 386 ποινήν
1536 310 1753 371 ἐκείνων
1775 311 1965 371 τίσον-

360 398 510 462 τας·”
565 400 801 480 λέγουσι
828 398 887 457 δὲ
912 398 1134 459 αὖτοῖσι
1157 402 1333 459 ταῦτα
1353 399 1564 477 Ξέρξης
1582 398 1693 459 &vra
1718 404 1961 479 μεγαλο-

360 486 649 564 φροσύνης
682 486 780 546 οὐκ
813 488 922 563 ἔφη
954 486 1146 564 ὁμοῖος
1181 487 1414 547 ἔσεσθαι
1450 482 1972 564 Λακεδαιμονίοισι·-

362 575 569 637 κείνους
582 576 687 650 μέν
700 574 811 655 γοὶρ
833 575 1073 655 συγχέαι
1086 572 1160 635 τὰ
1177 574 1396 635 πάντων
1412 573 1713 652 ἀνθρώπων
1732 573 1958 651 νόμιμα,

360 660 788 724 ἀποκτείναντας
824 662 1082 740 κήρυκας·
1139 660 1304 726 αὕτός
1346 662 1406 721 δὲ
1445 662 1516 721 τσῖ
1569 663 1799 722 κείνοισι
1846 666 1958 721 ἐπι-

360 748 618 824 πλήσσει
650 752 827 807 ταῦτα
848 748 913 809 ού
934 748 1210 824 ποιήσειν,
1241 748 1353 809 οὐδ’
1374 749 1800 811 ἀνταποκτείνας
1827 750 1959 808 ἐκεί-

361 860 503 905 νους,
537 835 847 897 ἀπολύσειν
886 837 1353 914 Λακεδαιμονίους
1380 840 1481 913 τῆς
1516 836 1708 913 αἰτίης.
1756 835 1916 895 Οὕτω
1938 833 2049 896 137

360 922 400 999 ἦ
438 924 767 1001 Ταλθυβίου
807 928 987 1001 μῆνις,
1030 925 1122 983 καὶ
1163 926 1338 984 ταῦτα
1382 923 1734 1000 ποιησάντων
1771 924 1958 1000 Σπαρ-

360 1013 603 1087 τιητέων,
649 1012 933 1074 ἐπαύσατο
978 1012 1045 1073 τδ
1096 1013 1423 1089 παραυτίκα,
1482 1012 1677 1089 καίπερ
1717 1010 1958 1070 ‹ivr-ovea*-

360 1098 651 1174 τησάντων
696 1105 751 1164 ἐς
799 1100 1063 1177 Σπάρτην
1115 1100 1397 1177 Σπερθίεώ
1447 1125 1510 1160 τε
1555 1098 1647 1158 καὶ
1699 1097 1958 1161 Βούλιος·

360 1186 541 1266 χρόνῳ
578 1187 653 1247 ,δὲ
704 1189 1001 1265 μετέπειτα
1053 1192 1253 1267 πολλῷ
1306 1188 1601 1269 ἐπηγέρθη,
1656 1186 1796 1247 κατὰ
1855 1185 1957 1246 τόν

364 1276 837 1351 Πελοποννησίων
868 1275 959 1335 καὶ
983 1274 1291 1351 Ἀθηναίων
1327 1276 1595 1353 πόλεμον,
1625 1274 1695 1339 ὥς
1720 1275 1956 1355 λέγουσι

362 1362 804 1441 Λακεδαιμόνιοι.
886 1362 1053 1423 τοῦτό
1090 1388 1190 1440 μοι
1225 1368 1285 1422 ἐν
1318 1368 1468 1423 τοῖσι
1507 1363 1791 1427 θειότατον
1827 1362 1956 1439 φαί·

363 1476 512 1509 νεται
536 1450 817 1531 γενέσθαι.
890 1450 977 1511 ὅτι
1000 1453 1104 1527 μὲν
1122 1450 1232 1528 γάρ
1260 1451 1578 1528 κατέσκηψε
1604 1454 1659 1514 ἐς
1685 1449 1959 1531 ἀγγέλους

363 1537 401 1612 ἦ
439 1538 767 1615 Ταλθυβίου
805 1542 985 1615 μῆνις,
1024 1536 1152 1597 οὐδὲ
1183 1536 1465 1598 ἐπαύσατο
1497 1538 1628 1615 πρὶν
1663 1536 1700 1612 ἦ
1738 1538 1954 1613 ἐξῆλθε,

363 1625 427 1684 τό
470 1626 680 1685 δίκαιον
722 1624 863 1685 οὕτω
907 1626 1089 1702 ἔφερε·
1152 1625 1218 1684 τό
1263 1626 1322 1683 δὲ
1368 1627 1681 1701 συμπεσεῖν
1725 1629 1781 1687 ἐς
1825 1623 1954 1687 τοῦς

363 1713 562 1778 παῖδας
610 1718 719 1774 τῶν
772 1711 982 1791 ἀνδρῶν
1026 1711 1234 1773 τούτων
1283 1715 1392 1773 τῶν
1439 1711 1764 1789 ἀναβάντων
1817 1710 1957 1788 πρός

361 1803 614 1877 βασιλέα
644 1801 734 1861 δισῖ
767 1802 871 1877 τὴν
906 1805 1087 1878 μῆνιν,
1118 1805 1174 1865 ἐς
1207 1800 1465 1861 Νικόλαν
1489 1827 1550 1860 τε
1576 1801 1674 1861 τὸν
1701 1799 1954 1869 Βούλιος,

364 1890 453 1949 καὶ
482 1895 537 1952 ἐς
560 1889 893 1966 Ἀνήριστον
927 1889 1027 1950 τόν
1060 1879 1356 1966 Σπερθίεω,
1386 1889 1446 1952 ὃς
1472 1889 1588 1948 εἷλε
1615 1888 1804 1950 ἁλιέας
1828 1885 1956 1950 τούς

364 1981 423 2036 ἐκ
473 1978 754 2055 Τίρυνθος,
803 1976 1001 2037 ὁλκάδι
1046 1977 1418 2040 καταπλώσας
1470 1975 1676 2054 πλήρεϊ
1727 1975 1955 2053 ἀνδρῶν·

362 2064 535 2140 δῆλον
576 2063 651 2125 ὧν
688 2090 788 2141 μοι
828 2064 915 2126 ὅτι
956 2066 1105 2126 θεῖον
1141 2065 1356 2146 ἐγένετο
1387 2064 1454 2124 τὸ
1491 2069 1724 2146 πρῆγμα
1758 2069 1817 2123 ἐκ
1856 2066 1960 2139 τῆς

362 2151 574 2226 μήνιος·
644 2156 697 2211 οἱ
748 2152 875 2234 γάρ,
930 2153 1279 2230 πεμφθέντες
1344 2151 1453 2212 ὖπό
1513 2152 1959 2228 Λακεδαιμονίων

365 2236 595 2318 ἄγγελοι
624 2244 680 2302 ἐς
704 2239 807 2314 τὴν
830 2239 1047 2316 Ἀσίην,
1069 2240 1430 2317 προδοθέντες
1457 2239 1516 2298 δὲ
1541 2239 1650 2299 ύπὸ
1671 2238 1958 2303 Σιτάλκεω

364 2328 464 2381 τοῦ
489 2325 677 2402 Τήρεω
702 2327 955 2402 Θρηίκων
990 2328 1284 2403 βασιλέος,
1315 2327 1405 2385 καὶ
1441 2326 1832 2404 Νυμφοδώρου
1857 2329 1962 2384 ‘roi‘

367 2409 566 2470 Πύθεω
607 2411 803 2489 άνδρός
836 2411 1198 2490 Ἀβδηρίτεω,
1227 2415 1459 2490 ἥλωσαν
1493 2414 1634 2474 κατὰ
1666 2413 1958 2490 Βισάνθην

364 2497 467 2574 τήν
494 2503 551 2558 ἐν
572 2499 995 2580 Ἑλλησπόντῳ,
1020 2504 1113 2560 καὶ
1126 2501 1481 2582 ’ἀπαχθέντες
1501 2507 1555 2566 ἐς
1574 2502 1677 2578 τὴν
1700 2501 1962 2577 Ἀττικήν

366 2584 641 2647 ἀπέθανον
675 2587 785 2648 ύπό
816 2587 1143 2664 Ἀθηναίων·
1184 2589 1326 2667 μετοὶ
1365 2589 1425 2648 δὲ
1464 2589 1643 2649 αὐτῶν
1684 2589 1776 2647 καὶ
1805 2589 1955 2665 Ἀρι-

365 2675 533 2738 στέας
554 2675 585 2735 ὁ
610 2675 985 2754 Ἀδειμάντου,
1016 2679 1313 2755 Κορίνθιος
1333 2676 1491 2755 άνήρ·
1533 2681 1708 2737 ταῦτα
1733 2676 1836 2752 μέν
1863 2700 1960 2735 νυν

363 2766 637 2822 πολλοῖσι
659 2765 806 2825 ἔτεσι
824 2763 1060 2843 ὕστερον
1079 2767 1295 2847 ἐγένετο
1311 2769 1410 2825 τοῦ
1429 2765 1708 2842 βασιλέος
1727 2762 1960 2822 στόλοψ

366 2849 616 2928 ἐπάνειμι
643 2853 703 2910 δὲ
729 2854 820 2911 ἐπὶ
845 2853 943 2913 τόν
968 2854 1240 2931 πρότερον
1265 2853 1460 2934 λόγον.

443 2936 519 2996 Ἡ
547 2939 607 2998 δὲ
633 2942 1023 3017 στρατηλασίη
1050 2941 1089 3016 ἦ
1116 2943 1396 3018 βασιλέος
1430 2939 1638 3016 οὔνομα
1671 2939 1774 3016 μὲν
1802 2937 1916 3018 εἶχε
1935 2945 2050 3004 138

364 3023 437 3086 ὦς
478 3025 562 3086 ἐπ’
602 3026 842 3103 Ἀθήνας
886 3029 1119 3100 ἐλαύνει,
1165 3031 1382 3089 κατίετο
1431 3029 1490 3087 δὲ
1527 3032 1582 3090 ἐς
1623 3032 1816 3088 πᾶσαν
1857 3026 1962 3102 τήν

348 3109 633 3173 ’Ἑλλάδω
694 3116 1097 3193 πυνθανόμενοι
1147 3117 1206 3176 δὲ
1251 3122 1426 3178 ταῦτα
1477 3115 1588 3192 πρὸ
1635 3117 1858 3173 πολλοῦ
1905 3117 1960 3174 οἶ

346 3193 647 3278 ·Ἔλληνες,
690 3202 788 3263 ούκ
831 3209 889 3264 ἐν
930 3204 1102 3284 ὁμοίῳ
1144 3204 1346 3266 πάντες
1399 3205 1698 3261 ἐποιεῦντο·
1761 3205 1815 3262 οἶ
1859 3205 1963 3280 μὲν

346 3287 475 3370 ’γοῖρ
513 3290 695 3354 αύτῶν
730 3292 917 3358 δόντες
946 3295 1057 3376 γῆν
1087 3318 1152 3354 τε
1187 3293 1278 3351 καὶ
1311 3289 1453 3368 ὕδωρ
1479 3291 1556 3370 τῷ
1581 3290 1782 3370 Πέρσῃ
1811 3291 1964 3372 εἶχον

387 3376 582 3429 ῙῘ.-14
