2259 3500
286 0 463 8 ———

12 8 286 28 W.-

321 149 546 213 74—78]
938 146 1317 196 mmonn.
1826 141 1923 195 317

325 227 456 290 τούς
497 226 802 302 Ἕλληνας,
850 228 1024 284 ἐοῦσα
1069 222 1341 300 παλλακὴ
1393 221 1775 300 Φαρανδάτεος
1826 225 1927 281 τοῦ

326 313 623 383 Τεάσπιος,
645 311 841 390 οἷνδρός
866 313 1119 390 Πέρσεω,
1142 311 1552 388 κοσμησαμένη
1570 313 1763 389 χρυσῷ
1786 313 1924 370 πολ-

327 405 412 481 λῷ
447 403 540 460 καὶ
575 399 714 477 αὖτή
748 401 840 459 καὶ
873 403 932 458 αἱ
965 399 1305 477 ἀμφίπολοι,
1334 400 1427 458 καὶ
1463 399 1662 472 ἐσθῆτι
1696 401 1767 476 τῇ
1795 401 1927 456 καλ-

327 493 502 568 λιστῃ
526 493 636 549 τῶν
661 488 1032 565 παρεουσέων,
1055 489 1363 565 καταβᾶσα
1383 493 1443 547 ἐκ
1462 490 1562 562 τῆς
1580 484 1925 563 ἁρμαμάξης,

327 576 528 655 ἐχώρεε
569 581 624 639 ἐς
662 575 792 638 τούς
831 575 1299 652 Λακεδαιμονίους
1332 576 1413 635 ἔτι
1448 580 1506 634 ἐν
1541 577 1679 652 τῇσι
1714 577 1928 651 φονῇσι

327 663 535 731 ἐόντας·
572 662 764 740 ὁρῶσα
791 663 852 722 δὲ
875 662 1060 723 πάντα
1087 665 1267 721 ἐκεῖνα
1293 661 1553 722 διέποντα
1579 661 1925 737 Παυσανίην,

325 750 599 827 πρότερόν
623 776 685 809 τε
709 751 776 811 τὸ
803 748 1012 826 οὕνομα
1039 749 1441 825 ἐξεπισταμένη
1462 749 1554 808 καὶ
1571 747 1675 823 τήν
1693 747 1924 824 πάτρην,

329 837 474 897 ὥστε
494 837 772 901 πολλάκις
798 836 1112 910 ἀκούσασα,
1138 838 1275 918 ἔγνω
1291 862 1355 896 τε
1372 837 1471 896 τὸν
1486 836 1819 911 Παυσανίην
1836 836 1927 894 καὶ

329 925 625 1002 λαβομένη
664 927 775 986 τῶν
811 925 1094 1006 γουνάτων
1135 927 1293 1005 ἔλεγε
1332 924 1481 984 τάδε·
1540 923 1635 983 “ὦ
1671 926 1922 1001 βασιλεῦ

332 1011 611 1089 Σπάρτης,
637 1014 814 1090 ῥῦσαί
833 1037 906 1089 με
932 1011 1036 1088 τήν
1064 1012 1233 1072 ἱκέτιν
1269 1011 1629 1091 αἰχμαλώτου
1656 1010 1925 1072 δουλοσύ-

333 1125 446 1174 νης·
501 1099 577 1159 σύ
607 1099 718 1182 γοὶρ
754 1100 846 1159 καὶ
881 1104 937 1164 ἐς
971 1099 1099 1160 τόδε
1138 1099 1371 1177 ὤνησας,
1405 1099 1607 1160 τούσδε
1638 1099 1927 1161 ἀπολέσας

331 1186 460 1250 τούς
486 1186 612 1247 οὔτε
638 1187 910 1265 δαιμόνων
939 1185 1064 1247 οὔτε
1093 1186 1290 1248 θεῶν’
1257 1213 1387 1248 οπιν
1412 1189 1655 1268 ἔχοντας.
1700 1189 1841 1265 ἐἰμὶ
1868 1187 1927 1246 δὲ

332 1275 491 1354 γένος
523 1277 626 1352 μὲν
663 1274 814 1356 Κώη,
843 1276 1091 1357 θυγάτηρ
1118 1276 1180 1335 δὲ
1202 1274 1579 1356 Ἡγητορίδεω
1610 1279 1711 1337 τοῦ
1734 1276 1925 1336 Ἀντα-

333 1361 526 1440 γόρεω·
567 1363 672 1440 βίῃ
701 1363 764 1422 δέ
784 1389 857 1440 με
892 1364 1147 1440 λαβῶν’
1121 1390 1179 1422 εν
1206 1367 1307 1442 Κῷ
1332 1363 1448 1442 εἶχε
1475 1365 1506 1424 ὁ
1534 1363 1813 1441 Πέρσης”
1894 1363 1927 1424 ὅ

336 1448 394 1506 δὲ
421 1449 715 1526 αμείβεται
748 1451 960 1511 τοῖσδε·
1003 1461 1039 1486 “
1054 1476 1234 1531 γυναι,
1264 1421 1477 1527 θάρσει,
1516 1453 1608 1510 καὶ
1640 1451 1709 1514 ὦς
1748 1453 1926 1521 ἱκέτις,

339 1537 428 1593 καὶ
457 1541 503 1595 εἰ
531 1535 597 1610 δὴ
624 1536 765 1614 πρός
788 1537 965 1618 τούτῳ
989 1537 1279 1618 τυγχάνεις
1306 1536 1521 1612 ἀληθέα
1540 1540 1805 1618 λέγουσα,
1836 1540 1927 1597 καὶ

339 1622 416 1686 εἷς
447 1623 693 1703 θυγάτηρ
735 1623 1110 1706 Ἡγητορίδεω
1146 1628 1246 1685 τοῦ
1283 1625 1465 1704 Κῴου,
1496 1625 1557 1689 ὃς
1594 1625 1717 1702 ἐμοὶ
1754 1626 1927 1694 ξεῖνος

335 1710 588 1788 μάλιστα
612 1711 872 1793 τυγχάνει
909 1713 1010 1774 ἐών
1033 1716 1145 1773 τῶν
1170 1712 1298 1791 περὶ
1324 1713 1532 1777 κείνους
1565 1713 1693 1777 τούς
1716 1712 1928 1791 χώρους

339 1800 686 1877 οἶκημένωνῖῘ
765 1805 940 1861 ταῦτα
989 1802 1163 1875 εἶπας,
1202 1800 1331 1862 τότε
1371 1804 1474 1879 μὲν
1516 1803 1781 1879 ἐπέτρεψε
1818 1806 1929 1861 τῶν

339 1888 555 1965 ἐφόρων
597 1891 752 1949 τοῖσι
793 1894 1080 1965 παρεοῦσι,
1131 1888 1369 1968 ὕστερον
1415 1890 1475 1949 δὲ
1526 1889 1821 1966 ἀπέπεμψε
1874 1894 1930 1955 ἐς

338 1977 588 2058 Αἴγιναν,
617 1982 673 2041 ἐς
696 1977 800 2053 τὴν
828 1976 965 2054 αὕτη
985 1977 1156 2054 ἤθελε
1182 1976 1501 2039 ἀπικέσθαι.

418 2065 582 2125 Μετοὶ
623 2065 682 2125 δὲ
727 2064 830 2142 τήν
871 2064 1058 2137 ἄπιξιν
1097 2070 1200 2142 τῆς
1244 2066 1515 2147 γυναικὸς,
1556 2065 1749 2125 αὐτίκα
1786 2065 1929 2142 μετοῖ
1948 2065 2023 2127 77

336 2156 512 2213 ταῦτα
543 2152 810 2214 οἷπίκοντο
846 2155 1149 2215 Μαντινέες
1188 2153 1270 2211 ἐπ’
1308 2155 1785 2235 ἐξεργασμένοισι·
1824 2179 1929 2230 μα-

339 2240 526 2303 θόντες
567 2241 625 2300 δὲ
666 2239 752 2300 ὅτι
791 2240 1017 2316 ὕστεροι
1054 2240 1258 2314 ἥκουσι
1296 2245 1396 2315 τῆς
1432 2245 1751 2319 συμβολῆς,
1790 2268 1930 2319 συμ·

339 2326 524 2402 φορὴν
576 2329 858 2385 ἐποιεῦντο
900 2325 1171 2407 μεγάλην,
1220 2323 1370 2393 ἄξιοί
1410 2353 1473 2385 τε
1526 2330 1747 2402 ἔφασαν
1794 2330 1933 2390 εἶναι

339 2414 524 2489 σφέας
551 2414 846 2489 ζημιῶσαι·
885 2408 1289 2487 πυνθανόμενοι
1316 2411 1375 2470 δὲ
1398 2410 1528 2475 τούς
1552 2414 1782 2487 Μήδους
1805 2416 1935 2479 τούς

336 2501 480 2577 μετὰ
503 2498 858 2577 Ἀρταβάζου
897 2498 1223 2579 φεύγοντας,
1249 2498 1475 2563 τούτους
1512 2500 1733 2559 ἐδίωκον
1765 2503 1933 2579 μέχρι

338 2588 682 2664 Θεσσαλίης·
739 2585 1191 2667 (Λακεδαιμόνιοι
1236 2588 1295 2647 δὲ
1337 2585 1436 2647 οὗκ
1484 2588 1583 2647 ἔων
1626 2585 1933 2667 φεύγοντας

337 2674 594 2757 διώκειν’)
637 2679 690 2735 οἱ
716 2676 776 2735 δὲ
802 2674 1261 2755 ἀναχωρήσαντες
1297 2681 1352 2739 ἐς
1385 2675 1491 2752 τὴν
1532 2678 1759 2745 ἐωυτῶν,
1804 2676 1932 2739 τούς

336 2762 615 2844 ἡγεμόνας
647 2768 749 2840 τῆς
779 2768 1046 2840 στρατιῆς
1072 2763 1299 2833 ἐδίωξαν
1340 2768 1400 2841 ἐκ
1425 2768 1527 2839 τῆς
1550 2767 1674 2845 γῆς.
1700 2762 1844 2841 μετοὶ
1874 2764 1935 2823 δὲ

338 2853 651 2915 Μαντινέας
665 2851 802 2928 ἧκον
819 2850 1058 2911 Ἠλεῖοι·
1085 2852 1178 2911 καὶ
1198 2851 1456 2916 ὡσαύτως
1476 2856 1530 2911 οἱ
1545 2850 1767 2911 Ἠλεῖοι
1784 2854 1935 2912 τοῖσι

337 2944 682 3002 Μαντινεῦσι
722 2939 1025 3017 συμφορὴν
1055 2940 1427 3017 ποιησάμενοι
1465 2938 1933 3002 ἀπαλλάσσοντο·

337 3026 678 3092 ἀπελθόντες
698 3028 757 3087 δὲ
783 3029 876 3088 καὶ
903 3025 1057 3089 οὗτοι
1080 3028 1210 3104 τούς
1227 3027 1505 3109 ἡγεμόνας
1540 3027 1781 3097 ἐδίωξαν.
1862 3026 1935 3087 τοὶ

341 3143 480 3177 κατα
505 3118 820 3181 Μαντινέας
843 3143 947 3195 μεν
974 3118 1066 3176 καὶ
1089 3117 1350 3179 Ἠλείους
1374 3119 1642 3176 τοσαῦτα.

414 3204 514 3267 Ἐν
539 3208 600 3267 δε
624 3210 1008 3285 Πλαταιῇσι’
983 3233 1041 3266 εν
1073 3210 1151 3285 τῷ
1186 3204 1544 3283 στρατοπέδῳ
1579 3210 1689 3266 τῶν
1714 3208 1935 3287 Αἰγινη-
1954 3205 2031 3267 78

335 3296 472 3425 τΙέῘων
497 3296 568 3371 ἦν
593 3295 846 3374 Λάμπων
872 3322 903 3355 ο
932 3293 1151 3364 Πύθεω,
1180 3293 1515 3409 Αἰγινητέων
1538 3319 1611 3353 τα
1636 3297 1848 3371 πρῶτα,
1876 3293 1939 3359 ὃς

425 3382 553 3427 -25
