2259 3500
286 74 382 121 114
918 68 1284 117 ‘HPOAOTOT
1761 67 1880 132 [VI.

286 149 434 208 αἴτεε
462 147 658 209 ἐκατόν
681 146 949 217 τάλαντα,
978 145 1107 222 φιὶς,
1135 144 1206 222 ἦν
1230 145 1314 224 μή
1340 150 1394 207 οἱ
1417 147 1575 218 δῶσι,
1602 146 1704 207 οὑκ
1744 147 1884 209 άπα-
1907 218 1912 223 ,

284 231 592 312 ναστῆσειν
622 235 727 311 τὴν
768 234 1039 313 στρατιὴν
1077 234 1209 312 πρὶν
1233 232 1271 310 ἢ
1300 236 1465 313 ἐξέλῃ
1499 236 1704 311 σφέας·
1745 239 1800 295 οἶ
1827 237 1887 296 δὲ

288 324 495 402 Πάριοι
546 323 683 386 ὅκως
728 324 831 400 μέν
878 349 935 382 τι
987 320 1238 381 δώσουσι
1283 321 1570 401 Μιλτιάδῃ
1623 322 1888 403 ἀργυρίου

289 411 415 470 οὐδὲ
439 411 763 471 διενοεῦντο·
807 414 860 470 οἷ
886 410 945 468 δὲ
978 409 1115 473 ὅκως
1147 409 1562 486 διαφυλάξουσι
1586 409 1692 485 τὴν
1718 412 1888 471 πόλιν

286 503 451 558 τοῦτο
496 502 867 577 ἐμηχανῶντο,
909 496 1065 557 ἄλλα
1104 523 1168 557 τε
1211 496 1644 574 ἐπιφραζόμενοι
1685 499 1779 557 καὶ
1813 503 1886 578 τῇ

287 585 544 663 μάλιστα
572 586 701 645 ἔσκε
728 586 993 646 ἑκάστοτε
1020 586 1297 664 ἐπίμαχον
1334 588 1435 644 τοῦ
1464 586 1886 663 τείχεος,·τοΰτο

198 674 311 732 134
330 672 446 751 ἅμα
472 674 627 735 νυκτὶ
654 673 879 752 ἐξῄρετο
906 671 1211 748 διπλήσιον
1235 676 1336 734 τοῦ
1362 671 1618 751 άρχαίου.
1675 670 1771 736 Ἒς
1783 675 1888 749 μὲν

289 760 358 837 δή
398 766 639 822 τοσοῦτο
679 766 779 827 τοῦ
820 761 999 842 λόγου
1028 763 1081 820 οἷ
1106 760 1310 825 πάντες
1325 760 1604 837 Ἕλληνες
1629 762 1885 841 λέγουσι·

288 847 355 909 τό
387 850 634 911 ἐνθεῦτεν
665 850 725 909 δὲ
752 849 910 909 αὑτοὶ
937 847 1144 925 Πάριοι
1181 848 1446 930 γενέσθαι
1485 846 1589 907 ὧδε
1628 849 1884 928 λέγουσι·

288 936 575 1015 Μιλτιάδῃ
617 937 913 1014 ἀπορέοντι
955 936 1139 995 ἐλθεῖν
1183 940 1237 999 ἐς
1278 935 1482 1016 λόγους
1529 936 1887 1013 αἰχμάλωτον

286 1028 537 1104 γυναῖκα,
584 1028 790 1084 ἐοῦσαν
833 1025 937 1100 μὲν
983 1024 1204 1099 Παρίην
1244 1024 1422 1104 γένος,
1469 1021 1679 1099 οὕνομα
1724 1023 1790 1082 δέ
1832 1028 1886 1084 οἳ

290 1110 429 1169 εἶναι
448 1114 677 1186 Τιμοῦν·
722 1110 859 1170 εἶναι
880 1110 938 1169 δὲ
962 1108 1306 1186 ὑποζάκορον
1331 1114 1442 1169 τῶν
1465 1110 1701 1189 χθονίων
1727 1111 1884 1170 θεῶν·

287 1196 493 1273 ταύτην
530 1198 589 1256 δὲ
627 1198 907 1257 ἐλθοῦσαν
933 1202 988 1260 ἐς
1014 1197 1147 1276 ὄψιν
1172 1196 1494 1257 Μιλτιάδεω
1530 1200 1886 1274 συμβουλεῦ-

290 1284 398 1345 σαί
420 1288 489 1355 οἱ,
520 1289 567 1344 εἰ
592 1285 720 1363 περὶ
745 1288 967 1344 πολλοῦ
1003 1286 1250 1345 ποιέεται
1279 1284 1474 1361 Πάρον
1511 1287 1674 1354 ἑλεῖν,
1711 1284 1783 1343 τὰ
1817 1283 1886 1344 ἂν

290 1370 433 1447 αὑτὴ
460 1370 738 1448 ὑποθῆται
762 1376 938 1431 ταῦτα
964 1372 1188 1432 ποιέειν·
1229 1371 1372 1448 μετὰ
1399 1372 1474 1443 δὲ,
1493 1372 1598 1447 τήν
1623 1373 1727 1448 μὲν
1750 1370 1882 1432 ὑπο-

292 1460 510 1530 θέσθαι,
537 1459 637 1521 τόν
662 1460 721 1519 δὲ
748 1459 1083 1535 ἀπικόμενον
1109 1460 1202 1520 ἐπὶ
1227 1458 1328 1520 τᾶν
1355 1459 1599 1519 κολωνόν
1635 1458 1736 1519 τᾶν
1771 1458 1884 1536 πρᾶ

291 1550 391 1621 τῆς
433 1547 633 1611 πόλιος
674 1546 837 1609 ἐόντα
879 1546 945 1607 τὸ
986 1548 1142 1625 ἕρκος
1181 1546 1544 1624 θεσμοφόρου
1587 1546 1885 1623 Δήμητρος

294 1633 663 1712 ὑπερθορέειν,
691 1635 756 1697 οὗ
797 1636 1096 1713 δυνάμενον
1126 1634 1227 1699 τσῖς
1255 1635 1423 1711 θύρας
1449 1634 1680 1703 οἷνοῖξαι·
1721 1634 1884 1712 ὑπερ-

292 1722 531 1801 θορόντα
555 1725 615 1785 δὲ
644 1726 780 1786 ἰέναι
806 1725 898 1785 ἐπὶ
924 1724 989 1785 τό
1015 1724 1264 1806 μέγαρον
1301 1722 1332 1784 ὅ
1370 1747 1427 1783 τι
1462 1721 1531 1799 δή
1572 1722 1884 1799 ποιήσοντα

290 1811 460 1883 ἐντός,
488 1814 597 1873 ε’ίτε
637 1812 938 1888 κινήσοντά
975 1839 1031 1872 τι
1069 1816 1181 1872 τῶν
1219 1810 1488 1886 ἀκινήτων
1513 1810 1622 1870 εἴτε
1647 1810 1680 1870 ὅ
1703 1837 1760 1869 τι
1787 1809 1879 1886 δή·

289 1925 427 1960 ποτε
456 1899 757 1978 πρήξοντα·
799 1898 941 1976 πρὸς
975 1903 1111 1977 τῇσι
1140 1898 1348 1978 θύρῃσί
1380 1924 1443 1957 τε
1481 1898 1760 1980 γενέσθαι,
1787 1898 1880 1956 καὶ

288 1985 531 2062 πρόκατε
558 1988 760 2064 φρίκης
784 1985 954 2047 αὑτὸν
978 1986 1350 2062 ὑπελθούσης,
1372 1986 1555 2046 ὀπίσω
1579 1985 1682 2061 τὴν
1707 1983 1880 2059 αὐτὴν

288 2071 421 2132 ὅδὸν
463 2073 665 2132 ἵεσθαι·
721 2072 1188 2149 καταθρώσκοντα
1227 2073 1288 2132 δὲ
1327 2073 1433 2149 τήν
1467 2072 1738 2150 αἱμασιὴν
1778 2070 1880 2132 τὸν

286 2159 468 2235 μηρὸν
492 2161 841 2235 σπασθῆναι·
884 2163 937 2219 οἱ
963 2161 1022 2220 δὲ
1048 2160 1217 2223 αὗτὸν
1241 2159 1308 2220 τὰ
1334 2160 1470 2241 γόνυ
1491 2163 1880 2237 προσπταῖσαι

199 2248 310 2305 135
332 2246 587 2327 λέγουσι.
670 2247 987 2324 Μιλτιάδης
1020 2249 1125 2324 μέν
1167 2274 1264 2308 νυν
1301 2247 1564 2324 φλαύρως
1599 2249 1738 2326 ἔχων
1775 2247 1880 2308 άπ-

290 2332 455 2392 έπλεε
495 2333 694 2404 ὀπίσω,
724 2332 849 2394 οὔτε
884 2334 1151 2413 χρήματα
1185 2334 1534 2410 Ἀθηναίοισι
1574 2335 1722 2416 ἄγων
1757 2335 1884 2394 οὔτε

291 2419 490 2496 Πάρον
531 2422 1048 2500 προσκτησάμενος,
1096 2422 1251 2482 άλλαῖ
1294 2422 1681 2499 πολιορκήσας
1721 2448 1784 2483 τε
1825 2423 1888 2491 ἓξ

291 2506 383 2564 καὶ
420 2507 599 2565 εἴκοσι
633 2507 843 2585 ἡμέρας
876 2509 969 2568 καὶ
1003 2509 1246 2585 δηῖὥσας
1269 2509 1372 2584 τὴν
1400 2513 1594 2585 νῆσον.
1678 2509 1886 2586 Πάριοι

288 2592 350 2651 δὲ
388 2592 693 2670 πυθόμενοι
728 2595 799 2658 ὥς
824 2596 862 2671 ἦ
888 2595 1232 2673 ὑποζάκορος
1255 2600 1366 2658 τῶν
1391 2597 1532 2657 θεῶν
1557 2595 1714 2672 Τιμὼ
1735 2600 1888 2655 Μιλ-

287 2678 448 2759 τιάδῃ
506 2681 884 2763 κατηγήσατο,
938 2683 1288 2761 βουλόμενοί
1338 2709 1436 2761 μιν
1499 2683 1624 2744 ἀντὶ
1681 2682 1890 2743 τούτων

288 2767 737 2845 τιμωρήσασθαι,
782 2769 1127 2848 θεοπρόπους
1169 2771 1458 2849 πέμπουσι
1506 2776 1562 2836 ἐς
1605 2769 1890 2846 Δελφοὺς,

292 2853 363 2918 ὥς
402 2862 586 2932 σφεας
624 2856 839 2938 ησυχίη
863 2862 965 2934 τῆς
989 2859 1373 2936 πολιορκίης”
1345 2885 1498 2938 εσχε·
1541 2860 1790 2936 ἔπεμπον
1829 2857 1890 2917 δὲ

292 2945 757 3022 ἐπειρησομένους
804 2971 854 3005 ει
898 2946 1350 3026 καταχρήσονται
1393 2947 1497 3021 τὴν
1546 2945 1892 3022 ὑποζακορον

286 3034 398 3091 τῶν
458 3032 599 3094 θεῶν
658 3031 730 3097 ὦς
786 3033 1212 3116 ἐξηγησαμένην
1269 3037 1424 3093 τοῖσι
1481 3034 1738 3111 ἐχθροῖσι
1789 3036 1892 3108 τῆς

288 3118 556 3194 πατρίδος
596 3119 830 3193 ἅλωσιν,
876 3122 969 3181 καὶ
1009 3148 1081 3181 τα
1126 3126 1182 3185 ἐς
1225 3122 1424 3197 ἔρσενα
1466 3119 1636 3200 γόνον
1677 3143 1892 3196 αρρητα

293 3202 386 3277 ἶραῖ
412 3206 739 3285 ἐκφήνασαν
759 3208 1066 3288 Μιλτιάδῃ·
1107 3207 1146 3283 ἦ
1173 3209 1232 3268 δὲ
1254 3207 1441 3280 Πυθίη
1469 3204 1570 3264 οὑκ
1597 3206 1674 3277 ἔα,
1703 3209 1890 3278 φᾶσα,
