2259 3500
385 134 603 200 11—15]
989 133 1395 183 mpmxorn.
1954 133 1983 178 5

383 215 574 292 χίονος
596 236 699 272 τον
727 211 898 272 ἵππον
925 214 1016 270 καὶ
1044 214 1378 290 στρέφουσα
1402 211 1501 273 τὸν
1518 211 1809 288 ἄτρακτον.
1866 217 1983 268 Θω-
2005 213 2079 268 13

383 300 572 378 μάζων
593 299 710 358 δὲ’
677 327 708 360 ο
737 304 973 376 Δαρεῖος
995 300 1070 360 τά
1087 326 1151 360 τε
1170 299 1379 376 ἤκουσε
1398 305 1461 360 ἐκ
1484 303 1597 360 τῶν
1617 297 1985 360 κατασκόπων

387 390 480 448 καὶ
506 415 578 448 τα
603 387 769 451 αυτὸς
797 388 928 465 ὥρα,
955 389 1111 470 ἄγειν
1131 387 1305 464 αὐτὴν
1326 390 1589 448 ἐκέλευε*
1564 391 1742 466 εωυτῷ
1760 392 1817 450 ἐς
1834 385 1983 463 ὄψιν·

388 476 458 541 ὥς
491 477 550 536 δὲ
579 475 745 555 αχθη,
781 481 1048 554 παρῆσαν
1087 477 1181 535 καὶ
1214 479 1268 536 οἱ
1308 475 1579 553 ἀδελφεοὶ
1615 474 1787 550 αὐτῆς
1822 473 1887 534 οὔ
1915 501 1985 552 κῃ

386 565 583 642 πρόσω
620 564 864 640 σκοπιήν
893 566 1112 644 ἔχοντες
1142 564 1370 626 τούτων·
1414 565 1768 642 εἶρωτέωντος
1794 564 1855 622 δὲ
1884 565 1987 622 τοῦ

388 654 626 730 Δαρείου
675 652 934 728 ὁποδαπὴ
978 655 1096 729 εἴης
1170 654 1393 730 ἔφασαν
1432 656 1487 712 οἱ
1532 652 1809 728 νεηνίσκοι
1848 651 1986 710 εἶναι

387 742 628 806 Παίονες
653 742 744 800 καὶ
772 743 982 817 ἐκείνην
1009 742 1146 802 εἶναι
1168 743 1361 818 σφέων
1380 739 1681 816 ἀδελφεήν·
1708 739 1740 798 ὁ
1766 739 1813 797 δ’
1833 738 1989 815 α’μεί-

387 832 545 907 βετο,
573 831 716 893 τίνες
741 830 802 890 δὲ
828 833 881 889 οἱ
908 830 1150 892 Παίονες
1176 828 1462 907 ἄνθρωποί
1483 833 1610 898 εἶσι,
1640 828 1731 886 καὶ
1758 831 1858 886 κοῦ
1882 830 1989 907 γῆς

388 919 686 994 οἰκημένοι,
715 920 808 977 καὶ
833 919 894 978 τί
916 922 1086 978 κεῖνοι
1121 917 1409 981 ἐθέλοντες
1435 917 1652 977 ἔλθοιεν
1678 921 1733 978 ἐς
1761 915 1986 992 Σάρδις;

389 1009 442 1065 οἱ
483 1007 546 1065 δέ
584 1009 637 1065 οἱ
679 1007 938 1082 ἔφραζον,
982 1031 1055 1069 ως
1093 1005 1309 1067 ἔλθοιεν
1348 1007 1453 1082 μὲν
1494 1005 1677 1083 ἐκείνῳ
1718 1002 1991 1065 δώσοντες

388 1096 572 1170 σφέας
613 1093 823 1167 αὐτους,
875 1095 958 1170 εἵη
999 1094 1060 1152 δὲ
1099 1093 1141 1200 ἦε
1183 1094 1423 1169 Παιονίη
1462 1093 1555 1152 ἐπὶ
1592 1095 1671 1171 τῷ
1710 1090 1987 1168 Στρυμόνι

386 1187 620 1261 ποταμῷ
654 1183 1064 1259 πεπολισμένη·
1108 1209 1140 1241 ο
1170 1181 1230 1240 δε
1259 1179 1525 1258 Στρυμων
1561 1205 1627 1239 ου
1664 1178 1861 1256 πρόσω
1886 1182 1988 1238 τοῦ

385 1268 840 1346 Ελλησπόντου·
891 1270 1088 1346 εἴησαν
1127 1270 1189 1328 δὲ
1228 1273 1481 1346 Τευκρῶν
1524 1272 1633 1329 τῶν
1680 1273 1741 1326 ἐκ
1787 1267 1990 1344 Τροίης

387 1357 630 1418 ἄποικοι·
669 1362 723 1418 οἱ
753 1362 858 1436 μὲν
884 1358 952 1434 δὴ
980 1357 1122 1418 aiv-d
1150 1359 1361 1417 ἕκαστα
1388 1349 1601 1438 ἔλεγον·
1642 1354 1675 1415 ὅ
1702 1355 1761 1414 δὲ
1788 1353 1985 1431 εἰρώτα

391 1450 438 1504 εἰ
477 1448 566 1506 καὶ
601 1452 784 1507 πᾶσαι
819 1448 1016 1524 εἴησαν
1050 1445 1249 1507 αὐτόθι
1284 1449 1343 1505 αἱ
1379 1449 1631 1526 γυναῖκες
1658 1444 1799 1504 οὕτω
1825 1443 1984 1524 ἐργά-

387 1535 555 1604 τιδες;
601 1539 654 1594 οἱ
681 1537 741 1594 δὲ
769 1537 858 1595 καὶ
885 1540 1051 1595 τοῦτο
1075 1537 1301 1610 ἔφασαν
1332 1533 1631 1612 προθύμως
1657 1533 1797 1592 οὕτω
1824 1533 1989 1611 ἔχειν·

392 1619 564 1680 αὐτοῦ
588 1623 698 1702 γὰρ
727 1622 800 1682 ὧν
822 1623 1020 1682 τούτου
1049 1624 1227 1682 εἵνεκα
1253 1624 1345 1682 καὶ
1372 1623 1631 1682 ἐποιέετο.

472 1707 748 1771 Ἐνθαΰτα
784 1714 1020 1788 Δαρεῖος
1051 1710 1259 1792 γράφει
1289 1710 1595 1794 γράμματα
1621 1709 1762 1786 πρός
1796 1707 1989 1790 Μεγά-
2008 1710 2084 1769 14

297 1802 312 1817 .
387 1798 588 1875 βαζον,
613 1798 714 1859 τὸν
749 1800 908 1859 ἔλιπε
932 1803 992 1859 ἐν
1017 1803 1090 1879 τῇ
1121 1801 1337 1879 Θρηΐκῃ
1369 1796 1705 1879 στρατηγὸν,
1736 1796 1991 1857 ἐντελλό-

379 1912 554 1963 μενος
608 1886 987 1963 ἐξαναστῆσαι
1040 1888 1102 1957 ἐξ
1152 1887 1330 1963 ἤθε’ων
1384 1886 1647 1959 Παίονας,
1705 1884 1798 1943 καὶ
1859 1882 1990 1960 παρ’

391 1975 590 2036 ἑωυτὸν
617 1974 848 2056 ἀγαγεῖν
869 1975 960 2035 καὶ
989 1974 1191 2038 αὖτοῦς
1219 1977 1311 2034 καὶ
1335 1975 1501 2036 τέκνα
1525 2000 1587 2033 τε
1616 1973 1706 2032 καὶ
1726 1975 1990 2053 γυναῖκας

390 2063 586 2123 αὖτῶν.
671 2061 867 2123 αὐτίκα
904 2063 964 2122 δὲ
998 2062 1195 2126 ἶππεῦς
1233 2062 1352 2123 ἔθεε
1377 2065 1562 2140 φέρων
1586 2061 1691 2137 τὴν
1722 2059 1993 2143 αγγελίην

391 2153 483 2210 ἐπὶ
515 2151 615 2211 τᾶν
649 2150 1100 2227 Ἑλλήσποντον·
1144 2151 1465 2227 περαιωθεὶς
1492 2150 1550 2209 δὲ
1577 2149 1721 2209 διδοῖ
1748 2148 1815 2209 τό
1852 2149 1991 2224 βιβ-

391 2240 516 2299 λίον
552 2242 628 2317 τῷ
664 2238 1010 2320 Μεγαβάζῳ·
1057 2238 1090 2298 ὁ
1120 2238 1181 2299 δὲ
1216 2238 1625 2314 ἐπιλεξάμενος,
1661 2261 1753 2296 και
1792 2234 1995 2312 λαβων

387 2326 668 2407 ἡγεμόνας
723 2332 788 2385 ἐκ
841 2330 944 2401 τῆς
999 2327 1259 2403 Θρηίκης,
1318 2324 1680 2403 ἐστρατεύετο
1735 2324 1827 2383 ἐπὶ
1886 2322 1991 2398 τὴν

391 2415 684 2490 Παιονίην.
767 2414 1087 2492 Πυθόμενοι
1142 2414 1201 2473 δὲ
1254 2418 1309 2473 οἱ
1365 2414 1604 2475 Παίονες
1660 2411 1790 2475 τούς
1842 2412 1988 2488 Πέρ-
2012 2411 2085 2467 15

391 2527 500 2565 σας
547 2503 640 2562 ἐπὶ
681 2503 866 2579 σφέας
907 2503 1060 2573 ἰέναι,
1109 2501 1437 2566 ἁλισθέντες
1484 2500 1991 2577 ἐξεστρατεύσαπο

388 2589 531 2666 πρός
571 2589 892 2666 θαλάσσης·
934 2590 1219 2652 δοκέοντες
1250 2588 1425 2667 ταύτῃ
1462 2587 1839 2667 ἐπιχειρήσειν
1863 2585 1993 2649 τούς

390 2678 623 2755 Πέρσας
667 2677 1084 2755 ἐμβάλλοντας.
1168 2680 1223 2736 οἱ
1273 2679 1379 2753 μὲν
1429 2676 1497 2752 δὴ
1552 2676 1790 2739 Παίονες
1844 2674 1993 2751 ἦσαν

391 2766 604 2843 ἑτοῖμοι
628 2764 729 2825 τόν
755 2763 1107 2845 Μεγαβάζου
1134 2764 1379 2841 στρατὸν
1398 2759 1641 2824 ,ἐπιὸντα
1669 2762 1763 2841 ἔρι’
1765 2788 1896 2823 κειν·
1936 2764 1991 2821 οἱ

391 2850 452 2909 δὲ
488 2856 712 2930 Πέρσαι
747 2851 1056 2928 πυθόμενοι
1085 2852 1433 2912 συναλίσθαι
1466 2851 1600 2915 τοῦς
1624 2851 1874 2912 Παίονας
1900 2849 1993 2907 καὶ

387 2937 494 3013 τήν
529 2939 670 3016 πρός
707 2938 1008 3015 θαλάσσης
1035 2941 1297 3016 ἐσβολὴν
1324 2939 1745 3014 φυλάσσοντας,
1776 2940 1993 3015 ἔχοντες

388 3024 684 3105 ἡγεμόνας,
711 3026 816 3102 τήν
835 3026 946 3086 ἅνω
973 3025 1104 3087 ἆδόν
1128 3026 1453 3104 τράπονται·
1486 3026 1753 3088 λαθόντες
1780 3025 1841 3083 δὲ
1863 3024 1993 3087 τούς

391 3114 642 3177 Παίονας
683 3115 1027 3175 ἐσπίπτουσι
1067 3119 1122 3178 ἐς
1160 3115 1261 3178 τοῖς
1300 3114 1507 3176 πόλιας
1544 3112 1739 3181 αὐτῶν,
1790 3110 1992 3175 ἐούσας
2230 3122 2233 3189 Ι

389 3200 602 3278 ἀνδρῶν
623 3200 876 3278 ἐρήμους·
900 3203 990 3262 οἶα
1009 3202 1070 3261 δὲ
1091 3207 1309 3281 κεινῇσι
1330 3200 1703 3266 ἐπιπεσόντες,
1726 3196 1993 3262 εὐπετέως
2230 3194 2233 3203 ’

389 3291 688 3371 κατέσχον.
774 3292 828 3349 οἱ
855 3290 916 3349 δὲ
942 3290 1183 3352 Παίονες
1208 3288 1279 3357 ὥς
1306 3287 1575 3349 ἐπύθοντο
1602 3285 1869 3364 ἐχομένας
1894 3285 1994 3348 τοὶς
