2259 3500
317 87 414 136 314
925 81 1293 133 ἩΡοΔοτοϊ
1787 79 1927 145 [IX.

315 195 492 250 ρεσαν
517 169 696 232 adu-‹31›
722 168 1058 239 ἑξακοσίους,
1093 158 1225 231 τοῦς
1252 167 1312 227 δὲ
1336 166 1571 232 λοιποῦς
1602 165 1933 246 κατήραξαν

221 261 299 320 70
319 259 602 321 διώκοντες
628 262 682 322 ἐς
706 255 806 316 τᾶν
823 257 1170 333 Κιθαιρῶνα.
1194 260 1222 296 Ρ
1242 253 1416 314 Οὗτοι
1433 257 1541 331 μὲν
1558 253 1627 331 δή
1656 259 1715 316 ἐν
1741 257 1930 317 οὐδενὶ

176 325 289 430 Θ
316 345 470 427 λόγῳ
503 345 815 405 ἀπώλοντο·
858 347 912 404 οἱ
947 345 1007 404 δὲ
1043 345 1267 424 Πέρσαι
1302 343 1393 402 καὶ
1430 343 1461 402 ὁ
1497 341 1677 406 ἄλλος
1703 342 1927 420 ὅμιλος,

317 432 389 496 ὥς
408 433 724 514 κατέφυγον
750 438 806 496 ἐς
829 432 895 493 τό
925 431 1149 502 ξύλινον
1162 435 1363 511 τεῖχος,
1393 431 1652 506 ἔφθησαν
1680 432 1771 490 ἐπὶ
1790 431 1931 497 τοῦς

317 521 562 602 πύργους
589 521 899 598 ἀναβάντες
923 521 1056 599 πρὶν
1079 519 1116 597 ἢ
1143 521 1272 584 τούς
1297 519 1766 596 Λακεδαιμονίους
1794 520 1929 580 ἄπι-

320 609 539 671 κέσθαι·
582 609 892 686 ἀναβάντες
918 609 978 668 δὲ
1003 607 1317 686 ἐφράξαντο
1340 607 1409 670 ὥς
1428 605 1695 682 ἠδυνέατο
1716 606 1933 685 ἄριστα

318 697 386 759 τό
432 703 637 779 τεῖχος·
694 696 1124 776 προσελθόντων
1180 697 1239 755 δὲ
1290 699 1401 756 τῶν
1454 695 1927 771 Λακεδαιμονίων,

322 788 659 863 κατεστήκεέ
683 792 796 863 σφι
821 785 1155 864 τειχομαχίη
1191 784 1655 862 ἐρρωμενεστέρη·
1700 784 1797 847 ἕως
1820 788 1932 862 μὲν

325 874 437 956 γὰρ
479 874 710 952 ἀπῆσαν
737 878 790 934 οἱ
813 873 1118 948 Ἀθηναῖοι,
1149 875 1202 931 οἱ
1228 871 1275 930 δ’
1301 870 1579 948 ἠμύνοντο
1608 872 1700 931 καὶ
1725 875 1931 951 πολλῷ

323 962 500 1022 πλέον
532 964 685 1042 εἶχον
718 967 829 1022 τῶν
874 958 1336 1037 Λακεδαιμονίων,
1366 958 1514 1019 ὥστε
1561 958 1660 1018 οὐκ
1697 965 1929 1021 ἐπιστα-

320 1051 498 1127 μένων
533 1051 934 1129 τειχομαχέειν·
977 1048 1049 1111 ds
1090 1048 1154 1107 δέ
1191 1054 1302 1124 σφι
1335 1049 1388 1106 οἱ
1417 1045 1707 1123 Ἀθηναῖοι
1745 1075 1928 1126 προσ-

321 1137 518 1212 ῆλθον,
549 1137 689 1195 οὕτω
723 1136 790 1212 δή
825 1136 1029 1214 ἰσχυρὴ
1065 1136 1276 1215 ἐγίνετο
1311 1136 1647 1215 τειχομαχίη
1674 1137 1767 1194 καὶ
1792 1136 1925 1214 χρό-

325 1247 423 1282 νον
465 1224 556 1281 ἐπὶ
608 1221 848 1282 πολλόν·
917 1225 1083 1287 τέλος
1122 1221 1199 1291 δὲ,
1246 1222 1414 1302 ἀρετῇ
1456 1249 1518 1283 τε
1563 1225 1655 1282 καὶ
1690 1227 1929 1303 λιπαρίῃ

324 1310 620 1385 ἐπέβησαν
649 1309 936 1386 Ἀθηναῖοι
969 1314 1072 1370 τοῦ
1105 1295 1334 1389 τείχέος,
1366 1312 1459 1369 καὶ
1488 1309 1711 1389 ἤριπον·
1751 1315 1823 1391 τῇ
1856 1312 1928 1389 δὴ

325 1397 621 1476 ἐσεχέοντο
642 1401 695 1457 οἱ
709 1396 1006 1474 Ἕλληνες.
1066 1403 1275 1474 πρῶτοι
1302 1399 1361 1458 δὲ
1382 1401 1631 1478 ἐσῆλθον
1656 1404 1927 1481 Τεγεῆται

327 1488 384 1548 ἐς
411 1486 477 1547 τό
513 1489 716 1566 τεῖχος·
761 1486 852 1545 καὶ
887 1485 990 1563 τῆν
1022 1486 1239 1564 σκηνήν
1268 1485 1373 1562 τῆν
1410 1487 1733 1565 Μαρδονίου
1773 1485 1928 1548 οὗτοι

324 1573 477 1650 ἦσαν
509 1577 562 1634 οἱ
597 1575 1019 1653 διαρπάσαντες,
1045 1575 1118 1634 τά
1153 1601 1215 1635 τε
1243 1573 1397 1635 ἅλλα
1425 1575 1487 1644 ἐξ
1510 1574 1681 1652 αὐτῆς
1707 1577 1799 1634 καὶ
1823 1577 1929 1652 τήν

327 1662 546 1739 φάτνην
573 1666 686 1724 τῶν
717 1663 897 1723 ἵππων
931 1667 1134 1723 ἐοῦσαν
1168 1663 1417 1742 χαλκέην
1449 1667 1643 1723 πᾶσαν
1674 1665 1767 1722 καὶ
1800 1665 1929 1742 θέης

328 1749 504 1828 ἀξίην.
585 1752 690 1828 τῆν
723 1752 829 1829 μέν
864 1779 960 1812 νυν
993 1751 1211 1829 φάτνην
1242 1749 1449 1827 ταύτην
1474 1752 1579 1827 τήν
1605 1754 1929 1830 Μαρδονίου

328 1838 600 1914 ἀνέθεσαν
620 1844 676 1903 ἐς
694 1839 791 1900 τᾶν
809 1839 943 1915 νηόν
966 1844 1067 1916 τῆς
1090 1838 1297 1916 Ἀλέης
1314 1839 1613 1917 Ἀθηναίης
1637 1844 1928 1921 Τεγεῆται·

325 1924 398 1985 ταῖ
425 1927 484 1985 δὲ
505 1926 659 1986 ἄλλα
681 1931 736 1991 ἐς
753 1925 947 1998 τῶυτό,
968 1926 1185 2005 ὅσαπερ
1214 1929 1443 2005 ἔλαβον,
1468 1928 1758 2004 ἐσήνεικαν
1775 1930 1931 1990 τοῖσι

322 2010 588 2090 Ἕλλησι.
664 2017 717 2073 οἱ
754 2014 812 2073 δὲ
851 2012 1145 2091 βάρβαροι
1190 2014 1347 2075 οῦδὲν
1384 2016 1463 2075 ἔτι
1496 2020 1703 2092 στῖφος
1744 2016 1931 2094 ἐποιή-

329 2126 506 2161 σαντο
545 2100 817 2163 πεσόντος
856 2104 957 2159 τοῦ
995 2103 1222 2180 τείχεος,
1255 2101 1383 2161 οὔτε
1422 2128 1507 2167 τις
1548 2102 1727 2165 αὐτῶν
1752 2104 1933 2181 ἀλκῆς

331 2188 628 2264 ἐμέμνητο·
671 2186 982 2259 ἀλύκταζόν
1001 2214 1064 2247 τε
1090 2189 1181 2249 οἶα
1206 2193 1267 2249 ’ἐν
1285 2189 1463 2271 ὀλίγῳ
1488 2191 1649 2270 χώρῳ
1667 2193 1930 2269 πεφοβη-

327 2274 486 2350 μένοι
499 2298 562 2333 τε
578 2274 672 2332 καὶ
685 2275 901 2334 πολλαὶ
917 2275 1178 2353 μυριάδες
1199 2280 1590 2355 κατειλημέναι
1609 2278 1930 2357 ἀνθρώπων·

326 2366 514 2439 παρῆν
544 2387 608 2423 τε
637 2366 791 2423 τοῖσι
811 2362 1068 2441 Ἕλλησι
1107 2364 1362 2441 φονεύειν
1404 2365 1561 2437 οὕτω,
1597 2366 1743 2427 ὥστε
1780 2367 1930 2445 τριή-

329 2474 498 2509 κοντα
513 2449 792 2529 μυριάδων
812 2457 1076 2529 στρατοῧ,
1099 2453 1511 2515 καταδεουσέων
1530 2456 1816 2533 τεσσέρων
1831 2454 1934 2519 τὰς

330 2538 470 2617 ἔχων
515 2538 864 2617 Ἀρτάβαζος
917 2541 1134 2621 ἔφευγε,
1188 2545 1298 2601 τῶν
1342 2545 1555 2601 λοιπῶν
1600 2543 1743 2619 μηδὲ
1786 2546 1934 2619 τρεῖς

326 2625 586 2704 χιλιάδας
637 2628 1046 2708 περιγενέσθαι·
1106 2629 1555 2706 Λακεδαιμονίων
1607 2630 1667 2689 δὲ
1715 2634 1828 2692 τῶν
1874 2635 1934 2689 ἐκ

332 2713 594 2791 Σπάρτης
625 2714 902 2774 ἀπέθανον
939 2718 993 2774 οἱ
1023 2715 1227 2779 πάντες
1254 2722 1312 2777 ἐν
1337 2721 1409 2795 τῇ
1436 2720 1713 2797 συμβολῇ
1740 2719 1816 2782 εἷς
1844 2718 1935 2777 καὶ

331 2801 702 2875 ἐννενήκοντα,
730 2802 1043 2882 Τεγεητέων
1083 2802 1143 2861 δὲ
1184 2803 1484 2874 ἑκκαίδεκα,
1525 2804 1836 2881 Ἀθηναίων
1875 2805 1937 2864 δὲ

333 2885 432 2947 δύο
457 2889 551 2947 καὶ
576 2887 938 2965 πεντήκοντα.

237 2972 312 3035 '71
413 2976 755 3054 Ἠρίστευσε
781 2976 840 3037 δὲ
864 2982 978 3039 τῶν
1010 2977 1340 3055 βαρβάρων,
1368 2979 1534 3050 πεζὸς
1571 2981 1676 3055 μὲν
1715 2979 1747 3039 ὁ
1788 2985 1937 3057 Περ-

333 3063 492 3138 σέων,
515 3065 683 3129 ἵππος
703 3065 762 3125 δὲ
781 3065 818 3142 ἦ
841 3065 1082 3131 Σακέων·
1109 3062 1251 3141 οἷνῆρ
1274 3066 1333 3123 δὲ
1352 3067 1578 3146 λέγεται
1597 3066 1937 3144 Μαρδόνιος·

333 3150 622 3228 Ἑλλήνων
661 3152 735 3223 δὲ,
769 3152 995 3233 οἷγαθῶν
1027 3152 1337 3233 γενομένων
1369 3152 1461 3210 καὶ
1494 3153 1808 3233 Τεγεητέων
1845 3156 1939 3213 καὶ

335 3234 656 3311 Ἀθηναίων,
671 3239 1094 3318 ὖπερεβάλοπο
1113 3237 1285 3315 ‹ipa-[7³
1300 3238 1749 3313 Λακεδαιμόνιοι·
1774 3238 1939 3318 ἄλλῳ
