2259 3500
351 115 392 158 -8
971 107 1340 158 ἭΡοΔοϊοϊ
1854 105 1962 172 ’[ν.

361 190 658 259 οἷναπαύεο,
686 189 828 265 μηδὲ
853 187 1086 264 λιπάρεε
1113 191 1185 265 τῇ
1210 185 1397 246 πόσει·
1429 185 1537 267 ἐγῶ
1556 187 1617 245 δὲ
1635 187 1968 264 προσμένων

361 275 530 337 αύτοῦ
546 278 694 354 τῇδε,
709 275 893 335 πάντα
908 275 980 336 τοὶ
997 275 1255 350 ἐπιτήδεα
1275 273 1495 351 παρέξω
1513 278 1667 334 τοῖσι
1684 275 1913 344 ξείνοισι
1920 274 1966 334 .”

359 363 503 441 πρὸς
525 367 701 424 ταῦτα
728 364 932 425 συνιεὶς
949 361 980 421 ὅ
999 361 1275 440 Ἀμύντης
1296 361 1383 422 ὅτι
1400 361 1639 439 νεώτερα
1661 362 1967 445 πρήγματα

359 451 592 528 πρήξειν
617 451 820 528 μέλλει
843 450 1229 527 Ἀλέξανδρος,
1259 450 1433 531 λέγει·
1477 461 1513 486 “
1532 449 1575 508 ὦ
1610 455 1731 519 παῖ,
1760 451 1967 530 σχεδὸν

359 539 469 620 γάρ
498 565 602 598 σευ
629 538 1029 616 ἀνακαιομένου
1055 541 1285 616 συνίημι
1321 537 1451 602 τούς
1484 538 1704 620 λόγους,
1738 539 1825 598 ὅτι
1852 539 1967 600 ἐθέ-

359 631 480 691 λεις
521 629 618 705 ἐμὲ
653 627 940 706 ἐκπέμψας
966 626 1176 687 ποιέειν
1201 652 1256 686 τι
1292 627 1573 703 νεώτερον·
1618 625 1726 706 ἐγώ
1759 625 1833 685 ὦν
1863 652 1967 686 σευ

360 716 568 794 χρηιζω
597 715 770 792 μηδὲν
797 741 1117 794 νεοχμωσαι
1145 714 1261 774 κατ’
1284 712 1485 791 ἄνδρας
1510 714 1753 799 τούτους,
1779 715 1866 774 ἵνα
1884 715 1966 792 μὴ

363 802 639 884 ἐξεργάσῃ
679 803 874 880 ἡμέας·
917 802 1072 861 ἅλλοὶ
1109 801 1306 881 οἷνέχευ
1342 801 1515 879 ορέων
1546 829 1619 861 τα
1649 802 1964 878 ποιεύμενα·

267 893 342 950 20
362 890 513 968 οἷμφὶ
555 891 614 950 δὲ
655 890 844 970 απόδῳ
884 895 956 970 τῇ
999 894 1106 968 ἐμῇ
1146 891 1423 966 πείσομαί
1472 916 1579 950 τοι
1579 889 1611 909 ”
1694 888 1793 952 Ὡς
1832 890 1892 948 δὲ
1930 917 1963 950 ο

361 977 637 1056 Ἀμύντης
668 979 890 1058 χρήσας
919 978 1128 1039 τούτων
1165 977 1406 1056 οἰχώκεε,
1441 977 1603 1059 λέγει
1634 977 1667 1038 ὅ
1704 976 1966 1046 Ἀλέξαν-

345 1066 489 1143 .δρος
540 1067 684 1142 πρὸς
736 1092 867 1129 τους
920 1065 1171 1143 Πέρσας·
1256 1077 1291 1102 “
1306 1070 1579 1148 γυναικῶν
1628 1065 1879 1134 τουτέων,
1926 1065 1969 1123 ὦ

362 1153 547 1223 ξεῖνοι,
607 1153 804 1229 πολλή
853 1159 975 1213 ἐστι
1029 1153 1161 1230 ύμῖν
1206 1153 1472 1230 εὐπετείη,
1518 1155 1610 1212 καὶ
1654 1157 1703 1212 εἰ
1740 1152 1965 1231 πάσῃσι

360 1240 653 1317 βούλεσθε
679 1241 990 1322 μίσγεσθαι
1017 1242 1110 1300 καὶ
1140 1241 1384 1321 ὁκόσῃσι
1412 1241 1486 1301 ὧν
1513 1240 1739 1302 αὐτέων·
1766 1239 1965 1301 τούτου

358 1329 464 1404 μὲν
501 1328 630 1406 πέρι
671 1328 827 1388 αὐτοὶ
869 1328 1309 1406 ἀποσημανέετε·
1358 1334 1455 1390 νῦν
1491 1330 1567 1399 δὲ,
1611 1328 1819 1407 σχεδὸν
1852 1326 1965 1408 γάρ

361 1415 468 1492 ἤδη
508 1421 609 1493 τῆς
663 1417 848 1494 κοίτης
888 1416 1002 1495 ὥρη
1039 1417 1419 1497 προσέρχεται
1458 1417 1590 1493 ύμῖν
1638 1417 1731 1475 καὶ
1783 1419 1965 1478 καλῶς

345 1505 593 1582 -ἔχοντας
624 1504 797 1581 ὖμέας
833 1505 971 1582 ὁρέω
1000 1505 1191 1582 μέθης,
1220 1508 1484 1586 γυναῖκας
1509 1504 1730 1573 ταύτας,
1760 1508 1809 1562 εἰ
1832 1503 1965 1581 ύμῖν

365 1592 540 1668 φίλον
567 1593 706 1662 ἐστὶ,
725 1592 900 1668 ἄφετε
926 1591 1271 1652 λούσασθαι·
1300 1592 1657 1670 λουσαμένας
1678 1592 1754 1662 δὲ,
1780 1590 1965 1650 ὀπίσω

361 1680 797 1758 προσδέκεσθε.”
879 1683 1036 1744 εἴπας
1071 1685 1263 1752 ταῦτα,
1300 1682 1625 1741 συνέπαινοι
1663 1679 1774 1759 γοῖρ
1815 1678 1967 1754 ἦσαν

363 1772 417 1828 οἱ
443 1771 684 1847 Πέρσαι,
725 1774 988 1851 γυναῖκας
1038 1772 1143 1846 μὲν
1184 1768 1522 1837 ἐξελθούσας
1570 1766 1865 1842 ἀπέπεμπε
1912 1773 1967 1830 ἐς

359 1857 465 1932 τήν
498 1859 839 1938 γυναικηίην·
883 1856 1048 1917 αὗτὸς
1081 1857 1140 1915 δὲ
1178 1854 1209 1913 ὁ
1244 1854 1615 1931 Ἀλέξανδρος
1644 1853 1803 1916 ἴσους
1828 1858 1964 1933 τῇσι

357 1944 576 2023 γυναιξὶ
601 1942 840 2020 οἷριθμὸν
867 1941 1066 2018 ἄνδρας
1092 1942 1455 2023 λειογενείους
1475 1946 1547 2019 τῇ
1565 1945 1676 2000 τῶν
1693 1946 1965 2021 γυναικῶν

360 2031 559 2105 ἐσθῆτι
595 2029 893 2101 σκευάσας,
927 2030 1019 2088 καὶ
1051 2030 1352 2109 ἐγχειρίδια
1389 2028 1532 2099 δοῧς,
1572 2032 1795 2109 παρῆγε
1833 2030 1961 2089 ἔσω.

361 2116 626 2198 παράγων
653 2116 712 2175 δὲ
747 2116 975 2179 τούτους
1013 2118 1173 2198 ἔλεγε
1199 2121 1351 2176 τοῖσι
1379 2116 1650 2195 Πέρσῃσι
1675 2115 1825 2175 τάδε·
1868 2127 1904 2153 “
1922 2115 1965 2177 ὦ

362 2206 602 2281 Πέρσαι,
631 2204 818 2264 οἴκατε
855 2205 1159 2283 πανδαισίῃ
1194 2205 1361 2283 τελέῃ
1402 2203 1744 2279 εἶστιῆσθαι·
1797 2204 1870 2264 τά
1903 2230 1965 2265 τε

359 2292 470 2373 γσῖρ
517 2291 671 2351 ἄλλα
717 2291 829 2353 ὅσα
876 2293 1114 2371 εἴχομεν,
1162 2292 1253 2350 καὶ
1300 2292 1455 2369 πρός,
1503 2292 1575 2351 τοὶ
1634 2290 1725 2352 οἶά
1778 2317 1841 2351 τε
1895 2291 1967 2367 ἦν

362 2379 678 2456 ἐξευρόντας
725 2381 1005 2460 παρέχειν,
1047 2380 1231 2449 πάντα
1270 2380 1401 2457 ύμῖν
1439 2380 1701 2458 πάρεστι·
1762 2380 1853 2439 καὶ
1896 2380 1965 2457 δή

361 2468 454 2526 καὶ
479 2466 606 2527 τόδε
629 2468 695 2528 τὸ
723 2467 944 2527 πάντων
970 2470 1245 2549 μέγιστον
1268 2468 1369 2532 τάς
1392 2494 1456 2529 τε
1485 2472 1695 2529 ἑωυτῶν
1721 2468 1967 2544 μητέρας

366 2556 460 2613 καὶ
488 2555 588 2617 τὰς
625 2555 908 2632 ἀδελφεάς
941 2556 1452 2633 ἐπιδαψιλευόμεθα
1477 2555 1628 2632 ὑμῖν·
1672 2554 1743 2618 ὥς
1768 2579 1966 2614 παντε-

361 2644 501 2707 λέως
531 2642 747 2720 μάθητε
782 2643 1110 2721 τιμεώμενοι
1144 2644 1287 2720 πρὸς
1322 2643 1506 2720 ἡμέων
1542 2646 1653 2703 τῶν
1686 2642 1793 2719 πέρ
1838 2647 1967 2703 ἐστε

363 2729 526 2801 ἄξιοι,
547 2730 689 2808 πρὸς
709 2732 768 2790 δὲ
790 2732 882 2789 καὶ
901 2731 1144 2807 βασιλέϊ
1162 2735 1239 2810 τῷ
1258 2732 1544 2809 πέμψαντι
1565 2732 1964 2811 ἀπαγγείλητε,

362 2818 433 2881 ὥς
451 2817 591 2896 α’νήρ
599 2818 822 2895 Ἕλλην
843 2818 1181 2879 Μακεδόνων
1201 2818 1452 2898 ὕπαρχος
1473 2818 1534 2879 εὖ
1550 2818 1721 2896 ύμέας
1742 2819 1967 2889 ἐδέξατο

363 2907 456 2966 καὶ
495 2906 740 2985 τραπέζῃ
778 2907 870 2965 καὶ
912 2905 1119 2985 κοίτῃ·”
1176 2911 1353 2967 ταῦτα
1395 2909 1551 2971 εἶπας
1581 2906 1964 2985 Ἀλέξανδρος,

359 2996 576 3073 παρίζει
616 2994 818 3073 Πέρσῃ
861 2994 1018 3073 ἀνδρὶ
1058 2994 1233 3071 ἄνδρα
1272 2996 1589 3067 Μακεδόνα,
1626 2995 1697 3058 ὥς
1731 3000 1968 3077 γυναῖκα

359 3088 436 3163 τῷ
475 3082 646 3166 λόγῳ·
705 3086 759 3142 οἱ
801 3083 876 3153 δὲ,
919 3083 1045 3142 ἐπεί
1077 3084 1144 3144 τέ
1182 3090 1376 3160 σφεων
1425 3088 1478 3144 οἱ
1518 3085 1734 3162 Πέρσει
1770 3082 1968 3160 ψαύειν

265 3171 338 3228 21
361 3175 673 3249 ἐπειρῶντο,
703 3170 1054 3252 διεργάζοντο
1075 3170 1292 3235 αὐτούς.
1352 3173 1469 3232 Καὶ
1497 3171 1651 3233 οὗτοι
1670 3174 1773 3250 μὲν
1790 3168 1967 3247 τούτῳ

359 3262 436 3335 τῷ
478 3258 633 3339 μόρῳ
674 3257 1076 3337 διεφθάρησαν,
1121 3260 1214 3321 καὶ
1255 3258 1416 3322 αὐτοὶ
1464 3262 1557 3321 καὶ
1603 3260 1641 3336 ἦ
1690 3256 1967 3334 θεραπηίη

2222 743 2233 828 ,λιι-
