2259 3500
326 118 542 180 90-94]
963 110 1273 167 οτΡΑΝῙΑ.
1824 118 1922 166 255

325 198 576 275 πορθμῷ,
615 195 754 277 ἔργα
789 193 1126 265 ἀπεδέξαντο
1168 194 1346 278 λόγου
1384 193 1532 267 ἄξια·
1574 198 1629 256 οἶ
1665 198 1770 273 μὲν
1806 196 1919 279 γὰρ

324 283 613 361 Ἀθηναῖοι
648 288 707 344 ἐν
739 288 818 363 τῷ
857 282 1082 363 θορύβῳ
1119 283 1399 360 ἐκεράῖζον
1429 283 1531 347 τάς
1563 309 1625 344 τε
1659 284 1922 345 α’ντιστα-

324 374 494 449 μένας
521 371 612 431 καί
646 370 746 435 τὰς
777 370 1098 451 φευγούσας
1126 374 1239 431 τῶν
1275 375 1433 447 νηῶν,
1464 373 1517 431 οἶ
1544 371 1609 430 δὲ.
1630 376 1923 453 Αἰγινῆται

325 459 425 524 τοὶς
479 460 858 523 ἐκπλιωύσας·
941 458 1078 523 ὅκως
1123 459 1187 519 δέ
1228 484 1371 522 τινες
1414 459 1545 523 τούς
1558 454 1569 463 ’
1594 458 1923 537 Ἀθηναίους

327 546 666 629 διαφύγοιεν,
693 546 994 625 φερόμενοι
1029 548 1333 607 ἐσέπιπτον
1360 552 1414 611 ἐς
1444 546 1575 611 τούς
1604 548 1921 629 Αἰγινήτας.

324 632 602 695 Ἐνθαῦτα
641 633 970 712 συνεκύρεον
1009 639 1136 711 νῆες
1174 633 1213 711 ἦ
1250 661 1313 695 τε
1350 638 1764 712 Θεμιστοκλέος
1804 634 1921 696 διώ-
1939 638 2017 696 92

329 748 508 782 κουσα
557 725 668 797 νῆα
712 723 804 781 καὶ
849 722 888 799 ἦ
936 724 1291 801 Πολυκρίτου
1332 728 1433 783 τοῦ
1478 728 1673 800 Κριοῦ,
1724 723 1921 801 ἀνδρὸς
1979 764 1989 777 ·

328 808 649 889 Αἰγινήτεω,
690 810 780 886 νηῒ
821 812 1162 887 ἐμβαλοῦσα
1207 810 1439 890 Σιδωνίῃ
1477 810 1621 889 ἥπερ
1663 812 1779 870 εἷλε
1816 810 1924 887 τήν

327 896 860 975 προφυλάσσουσαν
913 897 1004 957 ἐπὶ
1058 896 1293 977 Σκιάθῳ,
1334 898 1438 975 τὴν
1490 900 1795 979 Αἰγιναίην,
1838 899 1921 958 ἐπ’

327 983 396 1060 ἧς
421 986 585 1045 ἔπλεε
612 987 836 1095 Πυθέης
861 986 894 1045 ὁ
917 985 1190 1065 Ἰσχένου,
1216 986 1315 1047 τόν
1350 990 1403 1046 οἷ
1440 988 1663 1064 Πέρσαι
1690 1012 1921 1047 κατακο-

327 1074 500 1133 πέντα
527 1074 725 1153 ἀρετ-ἧς
751 1075 930 1133 εἵνεκα
961 1073 1114 1153 εἶχον
1146 1079 1203 1133 ἐν
1230 1078 1303 1152 τῇ
1340 1076 1429 1151 νηὶ
1465 1075 1921 1155 ἐκπαγλεόμενοι·

325 1188 424 1223 τον
449 1162 518 1238 δη
550 1188 924 1243 περιαγουσα
933 1188 1053 1239 αμα
1087 1164 1241 1221 τοῖσι
1267 1162 1531 1241 Πέρσῃσι
1566 1162 1687 1239 ἥλω
1723 1188 1855 1239 νηυς
1882 1161 1922 1239 ἤ

329 1250 578 1355 Σμδωνίη,
635 1250 779 1311 ὥστε
822 1250 1047 1326 Πυθέην
1090 1248 1233 1310 οὕτω
1272 1251 1525 1326 σωθῆναι
1566 1256 1621 1315 ἐς
1667 1252 1918 1331 Αἴγιναν·

329 1363 400 1400 ως
441 1338 500 1397 δὲ
543 1339 722 1399 ἐσεῖδε
751 1338 857 1415 τήν
887 1341 994 1413 νῆα
1033 1336 1139 1411 τήν
1181 1336 1440 1413 Ἀττικήν
1481 1338 1515 1397 ὁ
1552 1338 1917 1415 Πολύκριτος,

330 1425 465 1505 ἔγνω
502 1426 569 1487 τό
607 1425 854 1502 σημήϊον
889 1424 1015 1485 ἰδων
1048 1428 1154 1501 τῆς
1184 1426 1570 1506 στρατηγίδος,
1599 1426 1691 1484 καὶ
1724 1426 1923 1501 βώσας

327 1511 426 1571 τόν
460 1515 850 1589 Θεμιστοκλέα
891 1512 1319 1590 ἐπεκερτόμησε,
1361 1518 1416 1575 ἐς
1445 1516 1555 1571 τῶν
1588 1513 1923 1593 Αἰγινητέων

328 1598 429 1660 τᾶν
452 1600 738 1677 μηδισμὸν
761 1600 1051 1673 ὀνειδίζων·
1083 1604 1261 1661 ταῦτα
1284 1600 1390 1677 μέν
1414 1624 1510 1659 νυν
1534 1599 1625 1674 νηῒ
1652 1599 1921 1675 ἐμβαλῶν

329 1685 362 1745 ὅ
389 1688 740 1766 Πολύκριτος
762 1687 1033 1768 ἀπέρριψε
1067 1693 1122 1752 ἐς
1149 1688 1555 1766 Θεμιστοκλέα·
1600 1690 1653 1745 οἱ
1688 1687 1746 1745 δὲ
1771 1687 1917 1766 βάρ-

327 1777 520 1854 βαροι,
540 1780 650 1838 τῶν
675 1780 734 1836 αἱ
758 1782 883 1852 νῆες
907 1777 1305 1858 περιεγένοντο,
1331 1776 1629 1857 φεύγοντες
1654 1774 1922 1836 ἀπίκοντο

329 1867 386 1928 ἐς
410 1864 674 1942 Φάληρον
697 1865 806 1926 ὖπὸ
832 1865 932 1925 τὸν
957 1864 1125 1936 πεζόν
1152 1863 1416 1943 στρατόν.

407 1951 506 2013 Ἑν
559 1953 620 2012 δὲ
670 1958 741 2032 τῇ
789 1955 1068 2033 ναυμαχίῃ
1119 1953 1295 2031 ταύτῃ
1339 1952 1589 2028 ἥκουσαν
1632 1951 1923 2028 Ἑλλήνων
1939 1955 2018 2012 93

329 2037 534 2116 ἄριστα
579 2045 891 2124 Αἰγινῆται·
975 2043 1064 2101 ἐπὶ
1110 2042 1186 2111 δὲ,
1226 2041 1533 2118 Ἀθηναῖοι·
1613 2039 1824 2118 ἀνδρῶν
1864 2041 1924 2100 δὲ

330 2129 680 2207 Πολύκριτός
711 2156 774 2190 τε
804 2129 836 2190 ὁ
872 2128 1188 2210 Αἰγινήτης,
1228 2131 1320 2189 καὶ
1353 2128 1639 2205 Ἀθηναῖοι
1671 2129 1927 2206 Εὐμένης

328 2241 390 2276 τε
416 2215 448 2276 ὁ
473 2216 880 2297 Ἀναγυράσιος
913 2217 1004 2274 καὶ
1029 2216 1309 2293 Ἀμεινίης
1340 2216 1692 2293 Παλληνεύς·
1736 2217 1797 2280 ὃς
1830 2220 1924 2277 καὶ

327 2301 687 2380 Ἀρτεμισίην
747 2303 1013 2372 ἐπεδίωξε.
1063 2307 1150 2362 -εἰ
1198 2305 1301 2380 μέν
1354 2331 1450 2364 νυν
1508 2306 1677 2381 ἔμαθε
1726 2304 1815 2366 ὅτι
1867 2311 1926 2366 ἐν

328 2389 502 2468 ταύτῃ
542 2391 710 2450 πλέοι
746 2391 785 2467 ἤ
826 2390 1172 2468 Ἀρτεμισίη,
1221 2391 1319 2450 οὐκ
1358 2391 1427 2452 ἂν
1466 2393 1751 2454 ἐπαύσατο
1790 2393 1925 2470 πρό-

330 2487 490 2553 τερον
516 2474 552 2554 ἢ
580 2478 700 2537 εἷλέ
720 2504 818 2555 μιν
847 2477 883 2553 ἦ
921 2480 1012 2538 καὶ
1049 2477 1215 2542 αὐτὸς
1246 2478 1385 2554 ἥλω·
1425 2484 1579 2540 τοῖσι
1611 2481 1721 2561 γὰρ
1757 2479 1924 2556 Ἀθη-

331 2564 496 2628 ναίων
532 2565 924 2646 τριηράρχοισι
961 2566 1468 2644 παρακεκέλευστο·
1534 2568 1675 2643 πρὸς
1714 2567 1789 2636 δὲ,
1832 2569 1925 2626 καὶ

331 2650 536 2713 ἄεθλον
569 2655 742 2714 ἔκειτο
771 2653 962 2733 μύριαι
995 2654 1255 2734 δραχμαὶ,
1284 2653 1347 2718 ὃς
1383 2654 1453 2714 ἅν
1486 2680 1585 2731 μιν
1616 2653 1759 2728 ζωὴν
1799 2654 1923 2732 ἕλῃ·

332 2739 509 2800 δεινόν
552 2743 662 2822 γάρ
714 2769 770 2804 τι
811 2746 1108 2813 ἐποιεῦντο,
1148 2746 1383 2823 γυναῖκα
1422 2743 1515 2801 ἐπὶ
1550 2740 1650 2804 τὰς
1684 2740 1924 2816 Ἀθήνας

331 2829 752 2904 στρατεύεσθαι.
835 2829 976 2906 αὕτη
1007 2833 1112 2908 μὲν
1158 2829 1245 2906 δή,
1283 2829 1352 2892 ὥς
1390 2829 1661 2906 πρότερον
1696 2829 1923 2905 εἴρηται,

331 2914 578 2999 διέφυγε·
618 2917 768 2995 ἦσαν
793 2919 853 2978 δὲ
880 2919 972 2976 καὶ
999 2922 1052 2978 οἱ
1087 2917 1260 2977 ἄλλοι
1294 2922 1405 2978 τῶν
1440 2920 1499 2976 αἱ
1524 2922 1653 2991 νῆες
1680 2941 1922 2996 περιεγε-

329 3004 572 3084 γόνεσαν
598 3012 656 3067 ἐν
681 3012 757 3086 τῷ
782 3007 1041 3086 Φαλήρῳ.
1121 3005 1483 3082 Ἀδείμαντον
1509 3005 1569 3063 δὲ
1597 3004 1696 3064 τόν
1722 3004 1921 3080 Κορίν-
1939 3005 2017 3064 94

331 3093 454 3155 θιον
519 3095 838 3176 στρατηγὸν
902 3096 1139 3176 λέγουσι
1193 3094 1495 3170 Ἀθηναῖοι,
1549 3090 1744 3150 αὐτίκα
1805 3090 1922 3151 κατ’

329 3181 508 3263 ἆρχοῖς
558 3184 630 3250 ὥς
681 3185 1025 3264 συνέμισγον
1063 3185 1122 3243 αἶ
1161 3186 1302 3258 νῆες,
1344 3179 1691 3261 ἐκπλαγέντα
1729 3205 1791 3240 τε
1831 3179 1924 3238 καὶ

329 3269 749 3349 ὖπερδείσαντα,
775 3270 850 3334 τὰ
903 3270 1058 3331 ἱστία
1107 3268 1433 3346 ἀειράμενον
1480 3267 1739 3346 οἴχεσθαι
1791 3266 1921 3344 φεύ-
