2259 3500
314 104 410 155 124
717 62 729 79 v
938 102 1302 153 'HPOAO'I'OT
1755 100 1910 168 [VII.

310 182 500 263 τρόπῳ
518 184 703 256 τοίνυν
728 210 792 243 ου
811 187 1042 262 χρηστῷ
1057 182 1337 259 Ελληνες
1356 183 1808 263 διαχρεώμενοι,’
1783 184 1914 264 εμέο

314 270 624 335 ἐλάσαντος
659 271 826 351 μέχρι
853 272 1200 347 Μακεδονίης
1227 276 1346 352 γῆς,
1376 271 1474 331 οὐκ
1501 270 1734 347 ἦλθον’
1709 297 1764 334 ες
1788 270 1912 330 τού-

310 385 410 420 του
450 359 625 441 λόγον
664 360 810 419 ὥστε
849 359 1153 442 μάχεσθαι,
1183 361 1279 419 σοὶ
1311 360 1369 418 δὲ
1397 359 1464 435 δὴ
1491 360 1693 436 μέλλει
1731 383 1832 429 τις,
1873 386 1914 417 ω

309 450 578 526 βασιλεῦ,
621 447 993 507 ἀντιώσεσθαι
1034 446 1288 525 πόλεμον
1329 448 1686 525 προσφέρων,
1718 445 1912 527 ἄγοντι

311 536 404 595 καὶ
435 536 654 613 πλῆθος
683 536 749 595 τό
784 541 844 595 ἐκ
875 538 978 612 τῆς
1006 535 1208 611 Ἀσίης
1241 536 1334 594 καὶ
1365 536 1491 598 νέας
1519 534 1621 597 τοῖς
1648 533 1909 603 οἶπάσας;

313 624 384 688 ὥς
417 627 520 703 μὲν
558 624 664 705 ἐγώ
701 624 886 693 δοκέω,
916 623 1015 683 οὐκ
1058 628 1113 687 ἐς
1147 626 1315 682 τοῦτο
1359 622 1598 701 θράσεος
1623 620 1814 698 ἀνήκει
1839 623 1911 684 τὰ

310 712 598 788 Ἑλλήνων
637 712 958 793 πρήγματα.
1044 716 1091 771 εἰ
1132 712 1192 771 δὲ
1233 710 1340 787 ἄρα
1374 710 1483 791 ἐγώ
1513 736 1580 791 γε
1607 710 1913 787 ψευσθείην

308 801 517 881 γνώμῃ,
548 803 639 861 καὶ
668 805 865 861 ἐκεῖνοι
894 800 1222 877 ἐπαρθέντες
1248 799 1496 877 ἀβουλίῃ
1523 799 1741 858 ἔλθοιεν
1775 797 1910 874 ἡμῖν

308 894 363 952 ἐς
386 888 591 968 μάχην,
619 888 851 967 μάθοιεν
879 883 946 948 ἂν
976 887 1045 951 ὥς
1074 892 1224 964 εἰμεν
1251 885 1553 964 ἀνθρώπων
1579 884 1801 964 ἄριστοι
1836 887 1910 945 τοὶ

305 979 609 1055 πολεμήϊα.
693 978 837 1035 ἔστω
863 976 908 1035 δ’
938 975 1011 1036 ὧν
1034 975 1208 1052 μηδὲν
1234 974 1550 1052 ἀπείρητον·
1593 972 1909 1050 αὐτόματον

304 1064 414 1145 γὰρ
442 1063 613 1134 οὐδὲν,
638 1063 769 1122 ἀλλ’
789 1064 902 1123 ‹in-<3
929 1064 1121 1139 πείρης
1147 1061 1330 1123 πάντα
1356 1060 1700 1139 ἀνθρώποισι
1722 1062 1908 1137 φιλέει

303 1150 610 1231 γίνεσθαι.”
692 1149 1009 1229 Μαρδόνιος
1044 1153 1148 1228 μὲν
1183 1154 1434 1211 τοσαῦτα
1475 1148 1769 1227 ἐπιλεήνας
1801 1149 1907 1227 τήν

304 1240 520 1318 Ξέρξεω
545 1238 786 1321 γνώμην,
815 1240 1111 1299 ἐπέπαυτο.

212 1330 313 1395 10,
388 1327 723 1391 Σιωπώντων
764 1327 824 1387 δὲ
858 1332 969 1387 τῶν
1005 1325 1198 1388 ἄλλων
1230 1328 1498 1406 Περσέων
1538 1327 1630 1386 καὶ
1671 1325 1736 1385 ov’
1774 1332 1905 1386 τολ-

301 1413 529 1490 μώντων
547 1414 773 1497 γνώμην
798 1415 1230 1477 ἀποδείκνυσθαι
1250 1415 1439 1492 α’,ντίην
1464 1418 1536 1494 τῇ
1553 1414 1902 1495 προκειμένῃ,

303 1500 656 1581 Ἀρτάβανος
698 1504 730 1563 ὁ
769 1503 1125 1567 Ὑστάσπεος
1166 1504 1386 1581 πάτρως
1435 1503 1536 1563 ἐών
1577 1504 1775 1581 Ξέρξῃ,
1827 1509 1906 1583 τῷ

301 1589 370 1666 δή
416 1591 506 1650 καὶ
543 1592 777 1657 πίσυνος
814 1592 932 1663 ἐών,
980 1594 1138 1674 ἔλεγε
1180 1591 1331 1652 τάδε·
1375 1602 1410 1627 “
1427 1591 1469 1650 ὦ
1508 1592 1777 1667 βασιλεῦ,
1819 1591 1903 1668 μή

300 1680 639 1760 λεχθεισέων
663 1684 767 1758 μὲν
791 1680 1051 1763 γνωμέων
1071 1680 1298 1743 α’,ντιέων
1318 1679 1628 1760 ἀλλήλῃσι,
1653 1677 1752 1738 οὐκ
1780 1680 1904 1739 ἔστι

299 1768 401 1844 τήν
428 1767 631 1845 α’μείνω
653 1769 974 1848 αἱρεόμενον
996 1770 1230 1829 ἑλέσθαι
1255 1767 1411 1828 άλλοῖ
1439 1768 1525 1828 δεῖ
1545 1771 1617 1846 τῇ
1645 1769 1902 1847 εἰρημένῃ

297 1857 568 1932 χρῆσθαι·
617 1857 955 1936 λεχθεισέων
998 1856 1072 1926 δὲ,
1120 1857 1260 1915 ἔστι·
1313 1855 1502 1934 ὥσπερ
1545 1857 1644 1915 τὸν
1684 1855 1904 1934 χρυσὸν

298 1943 397 2004 τὸν
428 1943 707 2021 ἀκήρατον
733 1943 910 2004 αὐτὸν
940 1947 1043 2021 μὲν
1084 1943 1168 2003 ἐπ’
1197 1948 1397 2004 ἑωυτοῦ
1432 1943 1499 2003 οὔ
1545 1943 1900 2025 διαγινώσκο-

296 2056 415 2112 μεν,
449 2031 617 2090 ἐπεσῖν
653 2031 712 2090 δὲ
750 2032 1183 2111 παρατρίψωμεν
1220 2031 1380 2112 ἄλλῳ
1420 2035 1615 2111 χρυσῷ
1656 2032 1900 2112 διαγινώ-

298 2143 511 2194 σκομεν
542 2117 641 2177 τὸν
682 2117 903 2193 ἀμείνω.
987 2118 1093 2200 ἐγώ
1121 2120 1180 2178 δὲ
1210 2120 1302 2178 καὶ
1329 2121 1500 2197 πατρὶ
1525 2123 1602 2199 τῷ
1631 2123 1714 2198 σῷ
1739 2119 1900 2180 οἷδελ-

300 2209 417 2282 φεῷ
449 2206 507 2263 δὲ
536 2209 663 2284 ἐμῷ,
693 2207 926 2286 Δαρείῳ,
954 2206 1224 2288 ἠγόρευον
1251 2207 1332 2284 μή
1361 2206 1772 2286 στρατεύεσθαι
1809 2208 1901 2268 ἐπὶ

301 2292 532 2362 Σκύθας,
572 2292 772 2370 ἄνδρας
814 2294 1082 2372 οὐδαμόθι
1118 2299 1225 2376 γῆς
1260 2295 1405 2355 ἄστυ
1443 2295 1726 2372 νέμοντας·
1767 2295 1798 2355 ὁ
1841 2295 1901 2356 δὲ

296 2383 534 2452 ἐλπίζων
561 2382 777 2446 Σκύθας
801 2382 929 2447 τοῦς
961 2383 1205 2460 νομάδας
1237 2384 1747 2463 καταστρέψεσθαι,
1775 2385 1906 2461 ἐμοί

295 2494 357 2528 τε
399 2468 497 2528 οὐκ
539 2472 785 2531 ἐπείθετο
819 2471 1303 2548 στρατευσάμενός
1330 2497 1390 2532 τε
1416 2471 1672 2536 πολλούς
1701 2497 1762 2531 τε
1805 2473 1898 2531 καὶ

296 2555 538 2637 άγαθοῦς
576 2561 678 2633 τῆς
718 2563 984 2636 στρατιῆς
1020 2558 1333 2635 ἀποβαλων
1361 2558 1603 2636 ἀπῆλθε·
1647 2558 1721 2618 σι)
1749 2559 1824 2628 δὲ,
1856 2559 1898 2617 ὦ

295 2646 561 2721 βασιλεῦ,
603 2646 832 2723 μέλλεις
866 2645 951 2706 ἐπ’
992 2645 1194 2724 ἄνδρας
1233 2647 1639 2725 στρατεύεσθαι
1675 2645 1899 2705 πολλὸν

296 2731 585 2810 ἀμείνονας
621 2731 658 2810 ἢ
701 2733 935 2798 Σκύθας·
979 2735 1031 2794 οἳ
1072 2734 1214 2794 κατ-οὶ
1257 2734 1561 2795 θάλασσάν
1585 2761 1648 2794 τε
1675 2733 1898 2812 ἄριστοι

298 2821 389 2878 καὶ
416 2821 557 2881 κατοῖ
581 2827 689 2903 γῆν
716 2822 975 2902 λέγονται
1013 2820 1170 2882 εἶναι.
1251 2822 1319 2882 vd
1359 2823 1416 2882 δὲ
1457 2822 1682 2882 αὐτοῖσι
1714 2823 1900 2881 ἔνεστι

299 2908 491 2980 δεινόν,
520 2910 620 2986 ἐμέ
644 2937 740 2970 σοι
766 2909 978 2970 δίκαιόν
1005 2914 1128 2970 ἐστι
1157 2910 1406 2988 φράζειν·
1435 2910 1629 2982 ζεύξας
1657 2908 1771 2988 φῂς
1796 2907 1898 2968 τᾶν

296 2995 728 3072 Ἑλλήσποντον
755 3002 891 3058 ἐλᾶν
918 2999 1162 3074 στρατὸν
1189 2998 1280 3056 &ot
1303 3001 1405 3072 τῆς
1422 2997 1694 3074 Εὐρώπης
1715 3001 1770 3059 ἐς
1794 2993 1900 3073 τήν

294 3082 567 3144 Ἑλλάδα·
611 3087 702 3145 καὶ
729 3086 796 3162 δὴ
825 3086 916 3145 καὶ
948 3085 1234 3160 συνήνεικε
1274 3084 1400 3160 ἤτοι
1439 3084 1578 3144 κατὰ
1605 3088 1714 3164 γῆν
1739 3080 1777 3158 ἢ
1805 3081 1898 3140 καὶ

300 3170 441 3230 κατσῖ
486 3172 787 3235 θάλασσαν
830 3175 1164 3249 ἑσσωθῆναι,
1208 3172 1244 3248 ἢ
1291 3173 1382 3231 καὶ
1425 3171 1542 3231 κατ’
1579 3169 1895 3248 ἀμφότερα·

298 3259 351 3314 οἶ
391 3258 501 3336 γὰρ
546 3259 734 3337 ἄνδρες
778 3263 1039 3342 λέγονται
1084 3261 1222 3321 εἶναι
1263 3258 1514 3335 ἄλκιμοι·
1556 3257 1798 3333 πάρεστι
1836 3254 1897 3311 δὲ
