2259 3500
1458 32 1474 59 Χ

356 126 635 191 138—140]
1005 127 1312 175 OTPANIA.
1848 123 1945 177 277
2002 162 2011 175 ,

351 206 692 283 Μαρδονίου,
717 206 878 287 ἔλεγε
909 203 1061 265 τάδε·
1105 214 1142 240 “
1158 204 1350 282 ανδρες
1378 202 1684 280 Ἀθηναῖοι,
1722 203 1949 282 Μαρδό-

355 320 467 359 νιος
499 293 633 354 τάδε
672 294 846 373 λέγει·
887 293 1012 369 ἐμοὶ
1048 291 1287 373 α’,γγελίη
1318 292 1441 367 ἥκει
1478 317 1634 369 παρα
1670 293 1951 368 βασιλέος

351 383 604 463 λέγουσα
643 379 802 440 οὕτω·
855 380 1209 456 Ἀθηναίοισι
1246 380 1347 443 τὰς
1390 378 1711 457 ἅμαρτάδας
1751 378 1853 443 τοὶς
1893 386 1949 445 ἐς

353 472 450 547 ἐμὲ
475 468 539 539 ἐξ
561 466 779 529 ἐκείνων
801 468 1102 550 γενομένας
1126 467 1317 531 πάσας
1342 469 1589 545 μετίημι·
1618 472 1715 529 νῦν
1739 494 1802 528 τε
1828 466 1950 539 ὦδε,

352 557 653 636 Μαρδόνιε,
697 557 871 617 ποίεε·
929 560 1098 617 τοῦτο
1138 558 1242 633 μὲν
1288 554 1391 631 τὴν
1430 561 1540 637 γῆν
1575 562 1687 631 σφι
1723 555 1949 633 ἀπόδος·

351 650 520 708 τοῦτο
547 646 620 720 δὲ,
651 644 838 721 ἄλλην
862 644 1004 722 πρὸς
1020 644 1195 723 ταύτῃ
1216 644 1463 705 ἑλέσθων
1488 642 1647 704 αὐτοὶ
1670 644 1863 720 ἥντινα
1883 642 1951 705 ἂν

353 735 593 794 ἐθέλωσι
630 731 809 797 ἐόντες
843 731 1161 809 αὐτόνομοι·
1204 731 1296 809 ἱρά
1327 758 1390 793 τε
1420 730 1603 792 πάντα
1628 738 1757 809 σφι,
1784 730 1854 807 ἢν
1880 732 1949 809 δὴ

351 821 677 895 βούλωνταί
706 846 774 901 γε
805 822 930 898 ἐμοὶ
966 820 1310 901 ὁμολογέειν,
1338 820 1672 898 ἀνόρθωσον,
1703 820 1815 881 ὅσα
1843 820 1951 902 ἐγώ

354 909 654 986 ἐνέπρησα.
733 907 942 969 τούτων
988 908 1048 967 δὲ
1100 908 1429 989 ἀπιγμένων,
1476 906 1783 990 ἀναγκαίως
1838 911 1951 988 ἔχει

350 1022 450 1071 μοι
470 998 678 1056 ποιέειν
695 1000 886 1069 ταῦτα,
908 994 979 1072 ἢν
1002 996 1082 1073 μή
1109 1022 1175 1056 το
1202 996 1467 1073 υμέτερον
1492 996 1677 1057 α’ντίον
1702 999 1949 1079 γένηται·

351 1084 500 1166 λέγω
528 1084 644 1145 δὲ
611 1089 744 1162 υμῖν
766 1084 918 1145 τάδε·
947 1088 1047 1145 νῦν
1069 1111 1125 1145 τι
1114 1085 1420 1161 ’μαίνεσθε
1436 1085 1689 1162 πόλεμον
1712 1086 1955 1161 βασιλέϊ

351 1170 788 1251 ἅνταειρόμενοι;
831 1198 959 1233 ουτε
983 1172 1095 1254 γοῖρ
1123 1198 1193 1232 αν
1226 1172 1652 1250 ὑπερβάλοισθε
1682 1172 1810 1233 οὔτε
1844 1173 1957 1233 οἶοί

349 1285 413 1320 τε
444 1266 572 1323 ἐστὲ
605 1262 856 1342 ἀντέχειν
883 1286 986 1321 τον
1014 1286 1200 1320 παντα
1234 1259 1454 1339 χρόνον·
1504 1260 1674 1321 εἴδετε
1703 1263 1808 1338 μὲν
1838 1287 1949 1342 γαρ

351 1352 452 1425 τῆς
490 1350 704 1427 Ξέρξεω
746 1349 1170 1427 στρατηλασίης
1209 1349 1277 1408 τὸ
1312 1349 1533 1424 πλῆθος
1564 1350 1655 1408 καὶ
1684 1350 1756 1409 ro}
1796 1350 1948 1430 ἔργα·

349 1438 700 1497 πυνθάνεσθε
726 1438 786 1496 δὲ
811 1438 904 1496 καὶ
923 1436 1026 1512 τήν
1045 1440 1145 1497 νῦν
1161 1436 1293 1515 παρ’
1320 1438 1442 1511 ἐμοὶ
1470 1439 1675 1495 ἐοῦσαν
1700 1436 1950 1513 δύναμιν·

355 1523 502 1584 ὥστε
528 1526 618 1584 καὶ
643 1524 714 1602 ἢν
737 1525 912 1602 ἡμέας
937 1524 1362 1603 ὖπερβάλησθε,
1386 1524 1478 1582 καὶ
1504 1524 1784 1600 νικήσητε,
1806 1525 1951 1603 (τοῦ-

353 1637 458 1689 περ
497 1612 628 1689 ὑμῖν
669 1612 916 1689 οὐδεμία·
939 1614 1098 1675 ἐλπὶς
1144 1613 1294 1689 εἴπερ
1342 1610 1399 1670 εὖ
1446 1612 1749 1693 φρονέετε,)
1796 1610 1950 1689 ἄλλη

352 1700 630 1778 παρέσται
649 1700 1244 1777 πολλαπλησίη.μή
1274 1699 1347 1760 ὦν
1370 1698 1660 1776 βούλεσθε
1685 1726 1950 1778 παρισευ-

351 1813 508 1866 μενοι
546 1790 804 1865 βασιλέϊ,
845 1789 1149 1867 στέρεσθαι
1187 1791 1291 1865 μὲν
1328 1792 1429 1864 τῆς
1464 1787 1664 1868 χώρης,
1706 1789 1853 1849 θέειν
1892 1789 1951 1848 δὲ

353 1878 459 1937 αἰεὶ
483 1879 611 1956 περὶ
636 1877 816 1954 υμέων
843 1876 1038 1937 αυτῶν·
1083 1876 1239 1936 αλλοὶ
1266 1876 1685 1937 καταλύσασθε·
1718 1878 1952 1956 παρέχει

351 1966 413 2025 δὲ
454 1965 585 2043 ὖμῖν
626 1965 914 2026 κάλλιστα
956 1965 1405 2036 καταλύσασθαι,
1454 1965 1732 2040 βασιλέος
1776 1964 1951 2044 'ra-15²7]

353 2053 688 2133 ὁρμημένου.
777 2056 906 2115 ἔστε
931 2054 1227 2133 ἐλεύθεροι,
1262 2053 1399 2131 ἡμῖν
1424 2052 1731 2132 ὁμαιχμίην
1758 2053 1950 2114 συνθέ-

351 2169 508 2220 μενοι
549 2143 676 2203 ἄνευ
715 2168 778 2204 τε
819 2143 990 2203 δόλου
1033 2144 1124 2202 καὶ
1164 2141 1399 2217 ἀπάτης.
1483 2141 1797 2218 Μαρδόνιος
1847 2142 1952 2219 μὲν

351 2235 542 2300 ταῦτα,
571 2230 614 2288 ὦ
629 2229 934 2306 Ἀθηναῖοι,
959 2229 1269 2290 ἐνετείλατό
1288 2255 1387 2307 μοι
1407 2233 1579 2289 εἰπεῖν
1604 2230 1745 2308 πρός
1759 2229 1950 2306 ὖμέας·

353 2317 462 2396 ἐγώ
501 2319 562 2376 δὲ
601 2319 728 2396 περὶ
757 2320 862 2394 μὲν
895 2316 1106 2392 εὐνοίης
1137 2322 1237 2393 τ-ἣς
1269 2317 1412 2395 πρὸς
1447 2317 1619 2395 ὑμέας
1650 2317 1853 2394 ἐούσης
1892 2319 1955 2388 ἐξ

354 2409 486 2481 ἐμεὶἶ
513 2404 670 2465 οὐδὲν
692 2404 854 2474 λέξω·
899 2403 990 2484 (οὗ
1017 2405 1126 2484 γὰρ
1153 2403 1221 2464 ἂν
1248 2410 1343 2464 νῦν
1367 2431 1589 2483 πρωτον
1615 2406 1951 2518 ἐκμάθοιτε·)

353 2493 805 2571 προσχρηίζωδὲ
837 2492 1033 2570 ὑμέων,
1062 2493 1359 2554 πείθεσθαι
1393 2493 1713 2572 Μαρδονίω·
1756 2496 1952 2572 ἐνορέω

352 2579 461 2661 γὰρ
487 2580 618 2657 ὑμῖν
643 2579 744 2640 οὗκ
771 2581 948 2640 οἵοισί
977 2607 1039 2641 τε
1068 2582 1391 2658 ἐσομένοισι
1415 2607 1515 2641 τον
1538 2579 1722 2640 πάντα
1746 2581 1950 2658 χρόνον

355 2669 650 2744 πολεμέειν
675 2669 878 2747 Ξέρξῃ·
921 2671 994 2751 (εἰ
1017 2668 1126 2749 γοῖρ
1157 2669 1367 2746 ἐνώρων
1396 2673 1563 2729 τοῦτο
1592 2673 1651 2727 ἐν
1676 2667 1821 2744 ὖμῖν,
1852 2668 1951 2726 οὐκ

361 2751 432 2814 ἅν
457 2782 583 2816 κοτε
620 2761 675 2819 ἐς
711 2756 881 2833 ιῖμέας
919 2757 1099 2833 ἦλθον
1139 2758 1279 2835 ἔχων
1317 2756 1523 2837 λόγους
1560 2754 1807 2836 τούσδε·)
1860 2755 1953 2814 καὶ

355 2843 461 2922 γὰρ
503 2844 730 2922 δύναμις
765 2844 904 2922 ὖπέρ
945 2844 1235 2924 ἄνθρωπον
1273 2844 1311 2919 ἦ
1351 2845 1629 2920 βασιλέος
1675 2844 1815 2912 ἐστὶ,
1860 2843 1952 2902 καὶ

353 2933 479 3011 χεὶρ
514 2930 856 3010 ὑπερμήκης.
937 2931 1008 3008 ἢν
1048 2932 1122 2993 ὦν
1160 2959 1243 3009 μη
1285 2932 1483 2992 αυτίκα
1536 2929 1949 3012 ὁμολογήσητε,

353 3020 577 3102 μεγάλα
607 3027 1003 3098 προτεινόντων
1034 3019 1118 3080 ἐπ’
1158 3021 1276 3080 οἶσι
1310 3019 1638 3100 ὁμολογέειν
1674 3019 1950 3090 ἐθέλουσι,

355 3100 670 3185 δειμαίνω
636 3113 776 3188 υπὲρ
800 3109 996 3186 υμέων,
1019 3115 1078 3170 ἐν
1101 3110 1281 3187 τρίβῳ
1301 3133 1362 3168 τε
1381 3107 1635 3182 μάλιστα
1654 3106 1953 3183 οἰκημένων

353 3201 462 3257 τῶν
495 3197 807 3277 συμμάχων
837 3197 1059 3258 πάντων
1091 3198 1204 3256 αἰεί
1230 3221 1291 3255 τε
1318 3194 1695 3271 φθειρομένων
1720 3218 1945 3269 μουνων

357 3286 636 3365 ἐξαίρετόν
659 3312 716 3348 τι
741 3286 1075 3364 μεταίχμιον
1097 3283 1203 3358 τὴν
1220 3285 1330 3362 γῆν
1356 3281 1716 3358 κεκτημένων.
1798 3280 1917 3342 α’,λλ

381 3367 582 3420 ῙῘ.-22
