2259 3500
356 158 571 223 56-60]
986 156 1359 207 ΠΟΛΤΜΝῙΑ.
1867 158 1956 208 ιιι-7

354 239 567 315 μίζετο,
596 236 666 294 τὰ
710 236 951 312 ἔμπαλιν
990 233 1267 311 πρήσσων
1305 237 1405 294 τοῦ
1429 236 1620 306 πεζοῦ·
1661 235 1692 296 ὅ
1717 236 1822 312 μὲν
1846 236 1957 317 γὰρ

356 325 495 403 πρός
536 324 778 400 ἑσπέρην
817 323 980 381 ἔπλεε
1018 322 1109 381 ἐπὶ
1144 322 1527 400 Σαρπηδονίης
1567 321 1736 400 ἄκρης
1773 323 1958 382 ποιεό-

356 440 519 492 μενος
546 412 653 487 τήν
681 412 883 481 ἄπιξιν,
914 416 967 473 ἐς
993 410 1098 486 τήν
1136 410 1283 489 αὐτῷ
1317 412 1615 487 προείρητο
1642 410 1956 491 ἀπικομένῳ

358 502 685 579 περιμένειν·
729 498 760 559 ὁ
805 500 863 557 δὲ
910 498 1025 558 κατ’
1058 498 1289 576 ἤπειρον
1325 499 1566 577 στρατός
1600 497 1741 576 πρός
1777 499 1861 575 ήῶ
1894 526 1956 560 τε

359 591 449 648 καὶ
488 588 655 664 ἡλίου
698 586 976 650 ἀνατολάς
1018 587 1264 647 ἐποιέετο
1289 586 1393 662 τήν
1420 586 1549 647 ὄδόν
1575 586 1666 646 διὰ
1691 590 1791 662 τῆς
1816 593 1958 665 Χερ-

358 677 628 753 σονήσου,
658 680 717 735 ἐν
758 676 908 754 δεξιῇ
947 678 1050 752 μὲν
1092 677 1230 755 ἔχων
1263 674 1361 735 τόν
1390 673 1610 751 Ἕλλης
1642 674 1824 751 τάφον
1859 680 1960 751 τῆς

357 764 725 840 Ἀθάμαντος,
755 768 813 822 ἐν
849 762 1116 841 ἀριστερῇ
1157 762 1217 821 δὲ
1243 762 1494 838 Καρδίην
1523 760 1710 831 πόλιν,
1741 760 1830 821 διὰ
1858 762 1952 838 μέ-

358 878 467 927 σης
495 853 553 910 δὲ
580 850 949 929 πορευόμενος
973 850 1174 913 πόλιος
1203 854 1276 931 τῇ
1317 848 1528 927 οὕνομα
1564 848 1826 931 τυγχάνει
1867 848 1960 909 ἐὰν

357 938 590 1021 Ἀγορή·
637 941 885 1000 ἐνθεῦτεν
928 938 987 997 δὲ
1030 939 1294 1016 κάμπτων
1331 936 1430 998 τὸν
1471 937 1685 997 κόλπον
1717 936 1816 996 τὸν
1841 936 1956 995 Μέ-

359 1030 507 1087 λανα
560 1028 916 1104 καλεόμενον,
960 1027 1052 1085 καὶ
1091 1027 1332 1086 Μέλανα
1373 1025 1640 1102 ποταμόν,
1683 1023 1784 1084 οὐκ
1834 1023 1958 1085 ἅντ-

363 1115 599 1195 ισχόντα
627 1114 755 1176 τότε
774 1119 847 1194 τῇ
862 1118 1101 1192 στρατιῇ
1119 1114 1186 1173 vd
1205 1114 1432 1191 ῥέεθρον
1457 1111 1588 1172 ἀλλ’
1609 1112 1956 1183 ἐπιλιπόντα,

361 1209 561 1264 τοῦτον
599 1203 699 1263 τὸν
742 1202 999 1279 ποταμὸν
1043 1201 1248 1278 διαβσῖς
1283 1200 1392 1283 (ἐπ’
1430 1196 1494 1260 οὗ
1538 1200 1630 1260 καὶ
1670 1198 1705 1260 ὅ
1749 1199 1959 1263 κόλπος

364 1290 522 1356 οὗτος
557 1291 663 1367 τήν
705 1292 1015 1367 ἐπωνυμίην
1041 1290 1180 1369 ἔχει)
1215 1289 1301 1365 ἤϊε
1327 1290 1466 1365 πρός
1503 1289 1760 1366 ἑσπέρην,
1791 1288 1961 1349 Αἶνόν

362 1405 423 1439 τε
462 1380 631 1439 πόλιν
658 1379 894 1438 Αἰολίδα
937 1379 1029 1436 καὶ
1056 1377 1386 1454 Στεντορίδα
1426 1378 1630 1455 λίμνην
1667 1376 1956 1452 παρεξιὼν,

365 1473 420 1528 ἐς
446 1466 478 1525 ὃ
506 1466 733 1526 ἀπίκετο
762 1472 816 1529 ἐς
843 1466 1147 1544 Δορίσκον.
1217 1464 1286 1523 Ὁ
1314 1464 1374 1523 δέ
1401 1465 1679 1542 Δορίσκος
1709 1465 1830 1523 ἔστι
1854 1468 1954 1539 τῆς
1973 1465 2050 1524 59

366 1554 605 1630 Θρηίκης
634 1553 888 1634 αἰγιαλός
914 1579 975 1613 τε
1002 1554 1095 1611 καὶ
1120 1553 1311 1611 πεδίον
1336 1554 1501 1632 μέγα·
1541 1552 1657 1630 (διὰ
1692 1552 1752 1610 δὲ
1784 1550 1958 1612 αὐτοῦ

365 1642 474 1717 ῥέει
516 1641 767 1718 ποταμὸς
804 1642 979 1722 μέγας
1006 1639 1268 1721 Ἓβρος·)
1311 1644 1368 1698 ἐν
1393 1643 1470 1718 τῷ
1494 1638 1681 1717 τεῖχός
1712 1662 1776 1699 τε
1817 1638 1960 1697 ἐδέδ-

363 1755 509 1806 μητο
550 1728 1107 1805 βασιλήϊον-*τοῦτο
1152 1726 1220 1789 τό
1265 1726 1336 1805 δή
1375 1727 1656 1804 Δορίσκος
1696 1726 1960 1802 κέκληται

363 1819 539 1876 -καὶ
593 1819 859 1895 Περσέων
911 1818 1134 1896 φρουρὴ
1181 1821 1240 1876 ἐν
1292 1815 1438 1894 αὐτῷ
1477 1814 1809 1891 κατεστήκεε
1847 1813 1958 1875 §vd

364 1907 603 1983 Δαρείου
646 1905 708 1974 ἐξ
742 1905 949 1964 ἐκείνου
985 1907 1085 1988 τοῦ
1122 1903 1325 1984 χρόνου
1359 1903 1485 1962 ἐπεί
1517 1927 1578 1962 τε
1615 1902 1707 1962 ἐπὶ
1739 1901 1960 1967 Σκύθας

364 1991 745 2070 ἐστρατεύετο.
828 1992 981 2062 ἔδοξε
1033 1991 1107 2052 ὧν
1157 1996 1233 2071 τῷ
1277 1991 1460 2070 Ξέρξῃ
1513 1989 1546 2050 ὅ
1589 1994 1768 2070 χῶρος
1822 1989 1960 2051 εἶναι

362 2082 645 2158 ἐπιτήδεος
687 2080 1000 2150 ἐνδιατάξαι
1037 2105 1103 2140 τε
1143 2081 1234 2138 καὶ
1271 2080 1641 2156 ἐξαριθμῆσαι
1665 2078 1764 2139 τόν
1789 2103 1957 2155 στρα-

360 2169 476 2229 τόν·
522 2171 613 2228 καὶ
642 2170 823 2234 ἐποίεε
846 2173 1039 2228 ταῦτα.
1119 2166 1221 2231 τοὶς
1244 2169 1348 2244 μὲν
1374 2165 1442 2241 δή
1468 2168 1594 2230 νέας
1631 2167 1730 2230 τοὶς
1770 2166 1960 2230 πάσας

362 2256 700 2333 ἀπικομένας
749 2261 803 2318 ἐς
847 2255 1134 2332 Δορίσκον
1174 2258 1228 2314 οἱ
1269 2253 1552 2334 ναύαρχοι,
1598 2253 1963 2318 κελεύσαντος

363 2343 594 2419 Ξέρξεω,
625 2347 680 2405 ἐς
705 2341 805 2402 τᾶν
834 2342 1091 2422 αἰγιαλόν
1116 2343 1218 2402 τόν
1243 2343 1530 2420 προσεχέα
1557 2343 1818 2422 Δορίσκῳ
1845 2342 1959 2402 ἐκό-

362 2454 559 2503 μισαν·
604 2434 660 2488 ἐν
686 2433 763 2506 τῷ
790 2428 951 2504 Σάλη
975 2454 1038 2489 τε
1065 2429 1446 2507 Σαμοθρηῖκίη
1472 2430 1816 2490 πεπόλισται
1857 2429 1958 2489 πό-

362 2520 453 2579 λις
502 2517 592 2574 καὶ
636 2517 807 2592 Ζώνη,
849 2519 1141 2576 τελευταία
1185 2517 1246 2576 δὲ
1287 2515 1458 2576 αὐτοῦ
1500 2517 1772 2596 Σέρρειον,
1819 2515 1960 2594 ἅκρη

366 2601 674 2680 ὀνομαστή·
719 2603 750 2663 ὁ
786 2604 845 2662 δὲ
880 2607 1061 2682 χῶρος
1103 2601 1264 2668 οὗτος
1303 2603 1370 2664 τὰ
1406 2604 1652 2664 παλαιὰν
1691 2603 1760 2679 ἦν
1792 2604 1960 2664 Κικό-

367 2715 487 2750 νων.
572 2697 626 2755 ἐς
651 2696 850 2752 τοῦτον
871 2691 973 2751 τόν
998 2691 1258 2772 αἰγιαλὸν
1293 2691 1684 2771 κατασχόντες,
1712 2691 1811 2755 τσῖς
1837 2691 1962 2754 νέας

365 2777 644 2857 ἀνέψυχον
681 2778 1102 2842 οἷνελκύσαντεςι
1143 2779 1176 2838 ὁ
1203 2779 1262 2838 δὲ
1290 2785 1348 2840 ἐν
1372 2783 1449 2858 τῷ
1475 2780 1736 2858 Δορίσκῳ
1762 2782 1964 2839 τοῦτον

364 2865 461 2925 τὸν
493 2866 698 2944 χρόνον
724 2871 823 2942 τῆς
851 2870 1117 2943 στρατιῆς
1153 2865 1390 2944 ἅριθμόν
1431 2867 1695 2926 ἐποιέετο.
1767 2863 1955 2924 ‘'Oa-ov
1979 2864 2054 2924 60

364 2955 467 3030 μέν
504 2981 599 3014 νυν
640 2954 867 3015 ἕκαστοι
902 2958 1174 3032 παρεῖχον
1213 2956 1433 3028 πλῆθος
1475 2958 1530 3017 ἐς
1569 2952 1820 3031 οἷριθμόν,
1863 2953 1961 3012 οὔκ

365 3041 471 3117 ἔχω
513 3042 661 3098 εἶπαι
687 3041 752 3100 vd
780 3041 1020 3118 οἷτρεκές·
1063 3040 1127 3100 οὖ
1153 3041 1263 3122 γὰρ
1291 3041 1514 3122 λέγεται
1539 3041 1680 3117 πρός
1708 3040 1962 3117 οὐδαμῶν

362 3127 684 3205 ἀνθρώπων·
739 3129 1063 3205 σύμπαντος
1102 3129 1164 3187 δὲ
1207 3132 1308 3188 τοῦ
1355 3133 1602 3204 στρατοῦ
1647 3131 1748 3188 τοῦ
1794 3129 1964 3199 πεζοῦ

362 3215 427 3276 τὸ
465 3219 685 3294 πλῆθος
718 3217 897 3294 ἐφάνη
926 3216 1314 3293 ἐβδομήκοντα
1342 3215 1433 3273 καὶ
1459 3214 1657 3275 ἐκατόν
1681 3215 1960 3293 μυριάδες.

362 3304 744 3384 ἐξηρίθμησαν
778 3306 839 3366 δὲ
878 3304 1037 3366 τόνδε
1061 3304 1162 3366 τὸν
1189 3302 1416 3380 τρόπον’
1457 3303 1866 3384 συναγαγόντες
1906 3308 1962 3369 ἐς
