<?xml version="1.0" encoding="UTF-8"?>
<!DOCTYPE html PUBLIC "-//W3C//DTD XHTML 1.0 Transitional//EN"
    "http://www.w3.org/TR/xhtml1/DTD/xhtml1-transitional.dtd">
<html xmlns="http://www.w3.org/1999/xhtml" xml:lang="en" lang="en">
 <head>
  <title>
</title>
<meta http-equiv="Content-Type" content="text/html;charset=utf-8" />
  <meta name='ocr-system' content='tesseract 3.04.00' />
  <meta name='ocr-capabilities' content='ocr_page ocr_carea ocr_par ocr_line ocrx_word'/>
</head>
<body>
  <div class='ocr_page' id='page_1' title='image "./herodotus18herogoog/herodotus18herogoog_0177.png"; bbox 0 0 2259 3500; ppageno 0'>
   <div class='ocr_carea' id='block_1_1' title="bbox 358 133 2064 3360">
    <p class='ocr_par' dir='ltr' id='par_1_1' title="bbox 358 133 2064 3360">
     <span class='ocr_line' id='line_1_1' title="bbox 379 133 1970 199; baseline 0.001 -13"><span class='ocrx_word' id='word_1_1' title='bbox 379 134 655 199; x_wconf 72' lang='lat'>124-129]</span> <span class='ocrx_word' id='word_1_2' title='bbox 998 133 1370 187; x_wconf 63' lang='lat' dir='ltr'><strong>nonnum.</strong></span> <span class='ocrx_word' id='word_1_3' title='bbox 1874 140 1970 187; x_wconf 83' lang='lat'>169</span> 
     </span>
     <span class='ocr_line' id='line_1_2' title="bbox 375 216 1971 297; baseline 0.003 -22"><span class='ocrx_word' id='word_1_4' title='bbox 375 217 949 293; x_wconf 80' lang='grc' dir='ltr'>στρατοπεδευόμενος</span> <span class='ocrx_word' id='word_1_5' title='bbox 978 216 1084 291; x_wconf 79' lang='grc' dir='ltr'>τήν</span> <span class='ocrx_word' id='word_1_6' title='bbox 1117 216 1271 294; x_wconf 75' lang='grc' dir='ltr'>παρὰ</span> <span class='ocrx_word' id='word_1_7' title='bbox 1300 217 1604 279; x_wconf 81' lang='grc' dir='ltr'>θάλασσαν</span> <span class='ocrx_word' id='word_1_8' title='bbox 1627 218 1814 297; x_wconf 81' lang='grc' dir='ltr'>χώρην</span> <span class='ocrx_word' id='word_1_9' title='bbox 1838 244 1971 279; x_wconf 88' lang='grc' dir='ltr'>τοσ-</span> 
     </span>
     <span class='ocr_line' id='line_1_3' title="bbox 374 302 1969 387; baseline 0.002 -25"><span class='ocrx_word' id='word_1_10' title='bbox 374 303 521 377; x_wconf 84' lang='grc' dir='ltr'>ήνδε·</span> <span class='ocrx_word' id='word_1_11' title='bbox 562 302 867 380; x_wconf 76' lang='grc' dir='ltr'>ἀρξάμενος</span> <span class='ocrx_word' id='word_1_12' title='bbox 909 303 1021 365; x_wconf 64' lang='lat' dir='ltr'>&lt;ivd</span> <span class='ocrx_word' id='word_1_13' title='bbox 1064 305 1286 382; x_wconf 80' lang='grc' dir='ltr'>Θέρμης</span> <span class='ocrx_word' id='word_1_14' title='bbox 1325 305 1526 369; x_wconf 87' lang='grc' dir='ltr'>πόλιος</span> <span class='ocrx_word' id='word_1_15' title='bbox 1550 306 1642 365; x_wconf 85' lang='grc' dir='ltr'>καὶ</span> <span class='ocrx_word' id='word_1_16' title='bbox 1676 309 1778 381; x_wconf 82' lang='grc' dir='ltr'>τῆς</span> <span class='ocrx_word' id='word_1_17' title='bbox 1812 313 1969 387; x_wconf 92' lang='grc' dir='ltr'>Μυγ-</span> 
     </span>
     <span class='ocr_line' id='line_1_4' title="bbox 374 391 1970 471; baseline 0.003 -21"><span class='ocrx_word' id='word_1_18' title='bbox 374 391 573 468; x_wconf 80' lang='grc' dir='ltr'>δονίης,</span> <span class='ocrx_word' id='word_1_19' title='bbox 607 392 775 471; x_wconf 84' lang='grc' dir='ltr'>μέχρι</span> <span class='ocrx_word' id='word_1_20' title='bbox 814 392 1027 452; x_wconf 76' lang='grc' dir='ltr'>Λυδίεώ</span> <span class='ocrx_word' id='word_1_21' title='bbox 1060 419 1122 452; x_wconf 90' lang='grc' dir='ltr'>τε</span> <span class='ocrx_word' id='word_1_22' title='bbox 1157 398 1412 470; x_wconf 84' lang='grc' dir='ltr'>ποταμοῦ</span> <span class='ocrx_word' id='word_1_23' title='bbox 1451 395 1544 453; x_wconf 82' lang='grc' dir='ltr'>καὶ</span> <span class='ocrx_word' id='word_1_24' title='bbox 1582 393 1970 471; x_wconf 78' lang='grc' dir='ltr'>Ἀλιάκμονος,</span> 
     </span>
     <span class='ocr_line' id='line_1_5' title="bbox 375 479 1970 561; baseline 0.001 -22"><span class='ocrx_word' id='word_1_25' title='bbox 375 479 431 539; x_wconf 81' lang='grc' dir='ltr'>οἳ</span> <span class='ocrx_word' id='word_1_26' title='bbox 454 479 732 556; x_wconf 74' lang='grc' dir='ltr'>οὐρίζουσι</span> <span class='ocrx_word' id='word_1_27' title='bbox 759 484 869 561; x_wconf 70' lang='grc' dir='ltr'>γῆν</span> <span class='ocrx_word' id='word_1_28' title='bbox 902 480 1007 556; x_wconf 75' lang='grc' dir='ltr'>τὴν</span> <span class='ocrx_word' id='word_1_29' title='bbox 1042 482 1363 541; x_wconf 74' lang='grc' dir='ltr'>Βοττιαιίδα</span> <span class='ocrx_word' id='word_1_30' title='bbox 1396 508 1459 542; x_wconf 89' lang='grc' dir='ltr'>τε</span> <span class='ocrx_word' id='word_1_31' title='bbox 1493 481 1586 541; x_wconf 83' lang='grc' dir='ltr'>καὶ</span> <span class='ocrx_word' id='word_1_32' title='bbox 1620 482 1970 542; x_wconf 78' lang='grc' dir='ltr'>Μακεδονίδα</span> 
     </span>
     <span class='ocr_line' id='line_1_6' title="bbox 374 566 1972 649; baseline 0.002 -23"><span class='ocrx_word' id='word_1_33' title='bbox 374 569 430 630; x_wconf 85' lang='grc' dir='ltr'>ἐς</span> <span class='ocrx_word' id='word_1_34' title='bbox 454 566 630 627; x_wconf 73' lang='grc' dir='ltr'>τώυτὸ</span> <span class='ocrx_word' id='word_1_35' title='bbox 655 568 881 645; x_wconf 83' lang='grc' dir='ltr'>ῥέεθρον</span> <span class='ocrx_word' id='word_1_36' title='bbox 906 567 975 627; x_wconf 80' lang='grc' dir='ltr'><em>τό</em></span> <span class='ocrx_word' id='word_1_37' title='bbox 1003 567 1146 647; x_wconf 80' lang='grc' dir='ltr'>ὕδωρ</span> <span class='ocrx_word' id='word_1_38' title='bbox 1173 570 1611 649; x_wconf 79' lang='grc' dir='ltr'>συμμίσγοντες·</span> <span class='ocrx_word' id='word_1_39' title='bbox 1640 574 1972 647; x_wconf 65' lang='grc' dir='ltr'>ἐστρατοπε«</span> 
     </span>
     <span class='ocr_line' id='line_1_7' title="bbox 373 654 1969 735; baseline 0.003 -22"><span class='ocrx_word' id='word_1_40' title='bbox 373 654 597 715; x_wconf 83' lang='grc' dir='ltr'>δεύοντο</span> <span class='ocrx_word' id='word_1_41' title='bbox 627 658 732 732; x_wconf 86' lang='grc' dir='ltr'>μὲν</span> <span class='ocrx_word' id='word_1_42' title='bbox 768 655 835 730; x_wconf 76' lang='grc' dir='ltr'>δή</span> <span class='ocrx_word' id='word_1_43' title='bbox 871 660 929 716; x_wconf 87' lang='grc' dir='ltr'>ἐν</span> <span class='ocrx_word' id='word_1_44' title='bbox 967 656 1219 716; x_wconf 81' lang='grc' dir='ltr'>τούτοισι</span> <span class='ocrx_word' id='word_1_45' title='bbox 1253 660 1406 715; x_wconf 84' lang='grc' dir='ltr'>τοῖσι</span> <span class='ocrx_word' id='word_1_46' title='bbox 1441 658 1698 735; x_wconf 87' lang='grc' dir='ltr'>χωρίοισι</span> <span class='ocrx_word' id='word_1_47' title='bbox 1736 661 1790 717; x_wconf 79' lang='grc' dir='ltr'>οἱ</span> <span class='ocrx_word' id='word_1_48' title='bbox 1824 658 1969 735; x_wconf 78' lang='grc' dir='ltr'>βάρ-</span> 
     </span>
     <span class='ocr_line' id='line_1_8' title="bbox 374 744 1970 823; baseline 0.003 -23"><span class='ocrx_word' id='word_1_49' title='bbox 374 744 564 819; x_wconf 84' lang='grc' dir='ltr'>βαροι.</span> <span class='ocrx_word' id='word_1_50' title='bbox 647 746 758 801; x_wconf 76' lang='grc' dir='ltr'>τῶν</span> <span class='ocrx_word' id='word_1_51' title='bbox 784 744 843 802; x_wconf 84' lang='grc' dir='ltr'>δὲ</span> <span class='ocrx_word' id='word_1_52' title='bbox 877 745 1332 823; x_wconf 78' lang='grc' dir='ltr'>καταλεχθέντων</span> <span class='ocrx_word' id='word_1_53' title='bbox 1358 744 1566 805; x_wconf 80' lang='grc' dir='ltr'>τούτων</span> <span class='ocrx_word' id='word_1_54' title='bbox 1594 749 1876 821; x_wconf 80' lang='grc' dir='ltr'>ποταμῶν,</span> <span class='ocrx_word' id='word_1_55' title='bbox 1910 751 1970 804; x_wconf 86' lang='grc' dir='ltr'>ἐκ</span> 
     </span>
     <span class='ocr_line' id='line_1_9' title="bbox 376 830 1970 911; baseline 0.003 -25"><span class='ocrx_word' id='word_1_56' title='bbox 376 830 777 905; x_wconf 86' lang='grc' dir='ltr'>Κρηστωναίης</span> <span class='ocrx_word' id='word_1_57' title='bbox 802 831 939 907; x_wconf 82' lang='grc' dir='ltr'>ῥέων</span> <span class='ocrx_word' id='word_1_58' title='bbox 961 830 1290 910; x_wconf 83' lang='grc' dir='ltr'>Ἐχείδωρος</span> <span class='ocrx_word' id='word_1_59' title='bbox 1313 836 1516 908; x_wconf 84' lang='grc' dir='ltr'>μοῦνος</span> <span class='ocrx_word' id='word_1_60' title='bbox 1537 832 1634 891; x_wconf 76' lang='grc' dir='ltr'>οὔκ</span> <span class='ocrx_word' id='word_1_61' title='bbox 1661 831 1970 911; x_wconf 73' lang='grc' dir='ltr'>ἀντέχρησε</span> 
     </span>
     <span class='ocr_line' id='line_1_10' title="bbox 372 917 2064 996; baseline 0.003 -21"><span class='ocrx_word' id='word_1_62' title='bbox 372 920 445 993; x_wconf 81' lang='grc' dir='ltr'>τῇ</span> <span class='ocrx_word' id='word_1_63' title='bbox 486 920 724 995; x_wconf 82' lang='grc' dir='ltr'>στρατιῇ</span> <span class='ocrx_word' id='word_1_64' title='bbox 763 918 1071 994; x_wconf 84' lang='grc' dir='ltr'>πινόμενος,</span> <span class='ocrx_word' id='word_1_65' title='bbox 1112 917 1244 977; x_wconf 74' lang='grc' dir='ltr'>ἀλλ’</span> <span class='ocrx_word' id='word_1_66' title='bbox 1293 920 1535 979; x_wconf 88' lang='grc' dir='ltr'>ἐπέλιπε.</span> <span class='ocrx_word' id='word_1_67' title='bbox 1623 920 1834 996; x_wconf 77' lang='grc' dir='ltr'>Ξέρξης</span> <span class='ocrx_word' id='word_1_68' title='bbox 1873 920 1932 978; x_wconf 83' lang='grc' dir='ltr'>δὲ</span> <span class='ocrx_word' id='word_1_69' title='bbox 1950 922 2064 980; x_wconf 84' lang='grc'>128</span> 
     </span>
     <span class='ocr_line' id='line_1_11' title="bbox 373 1002 1969 1083; baseline 0.004 -22"><span class='ocrx_word' id='word_1_70' title='bbox 373 1002 541 1079; x_wconf 82' lang='grc' dir='ltr'>ὁρέων</span> <span class='ocrx_word' id='word_1_71' title='bbox 574 1009 634 1063; x_wconf 86' lang='grc' dir='ltr'>ἐκ</span> <span class='ocrx_word' id='word_1_72' title='bbox 664 1008 765 1079; x_wconf 81' lang='grc' dir='ltr'>τῆς</span> <span class='ocrx_word' id='word_1_73' title='bbox 804 1005 1026 1082; x_wconf 85' lang='grc' dir='ltr'>Θέρμης</span> <span class='ocrx_word' id='word_1_74' title='bbox 1066 1004 1230 1083; x_wconf 78' lang='grc' dir='ltr'>οὔρεα</span> <span class='ocrx_word' id='word_1_75' title='bbox 1268 1005 1341 1066; x_wconf 70' lang='grc' dir='ltr'>τὰ</span> <span class='ocrx_word' id='word_1_76' title='bbox 1380 1007 1730 1078; x_wconf 75' lang='grc' dir='ltr'>Θεσσαλικᾶ,</span> <span class='ocrx_word' id='word_1_77' title='bbox 1771 1007 1870 1067; x_wconf 83' lang='grc' dir='ltr'>τόν</span> <span class='ocrx_word' id='word_1_78' title='bbox 1906 1032 1969 1067; x_wconf 83' lang='grc' dir='ltr'>τε</span> 
     </span>
     <span class='ocr_line' id='line_1_12' title="bbox 364 1084 1972 1175; baseline 0.003 -26"><span class='ocrx_word' id='word_1_79' title='bbox 364 1084 665 1168; x_wconf 85' lang='grc' dir='ltr'>Ὄλυμπον</span> <span class='ocrx_word' id='word_1_80' title='bbox 706 1092 797 1150; x_wconf 87' lang='grc' dir='ltr'>καὶ</span> <span class='ocrx_word' id='word_1_81' title='bbox 839 1091 943 1167; x_wconf 78' lang='grc' dir='ltr'>τὴν</span> <span class='ocrx_word' id='word_1_82' title='bbox 976 1092 1226 1165; x_wconf 89' lang='grc' dir='ltr'>Ὄσσαν,</span> <span class='ocrx_word' id='word_1_83' title='bbox 1268 1094 1506 1175; x_wconf 78' lang='grc' dir='ltr'>μεγάθεΐ</span> <span class='ocrx_word' id='word_1_84' title='bbox 1547 1120 1610 1154; x_wconf 91' lang='grc' dir='ltr'>τε</span> <span class='ocrx_word' id='word_1_85' title='bbox 1650 1094 1972 1172; x_wconf 78' lang='grc' dir='ltr'>ὑπερμήκεα</span> 
     </span>
     <span class='ocr_line' id='line_1_13' title="bbox 376 1177 1967 1263; baseline 0.004 -27"><span class='ocrx_word' id='word_1_86' title='bbox 376 1177 550 1247; x_wconf 88' lang='grc' dir='ltr'>ἐόντα,</span> <span class='ocrx_word' id='word_1_87' title='bbox 578 1178 668 1239; x_wconf 75' lang='grc' dir='ltr'>διδ.</span> <span class='ocrx_word' id='word_1_88' title='bbox 682 1180 873 1263; x_wconf 70' lang='grc' dir='ltr'>μέσου</span> <span class='ocrx_word' id='word_1_89' title='bbox 897 1205 959 1239; x_wconf 86' lang='grc' dir='ltr'>τε</span> <span class='ocrx_word' id='word_1_90' title='bbox 986 1179 1166 1241; x_wconf 69' lang='grc' dir='ltr'>αὐτῶν</span> <span class='ocrx_word' id='word_1_91' title='bbox 1191 1181 1414 1243; x_wconf 65' lang='grc' dir='ltr'>αὐλῶνα</span> <span class='ocrx_word' id='word_1_92' title='bbox 1447 1182 1668 1243; x_wconf 71' lang='grc' dir='ltr'>στεινὸν</span> <span class='ocrx_word' id='word_1_93' title='bbox 1699 1182 1967 1243; x_wconf 83' lang='grc' dir='ltr'>πυνθανό-</span> 
     </span>
     <span class='ocr_line' id='line_1_14' title="bbox 371 1266 1970 1347; baseline 0.003 -21"><span class='ocrx_word' id='word_1_94' title='bbox 371 1292 534 1341; x_wconf 89' lang='grc' dir='ltr'>μενος</span> <span class='ocrx_word' id='word_1_95' title='bbox 562 1267 699 1327; x_wconf 81' lang='grc' dir='ltr'>εἶναι</span> <span class='ocrx_word' id='word_1_96' title='bbox 739 1267 807 1327; x_wconf 83' lang='grc' dir='ltr'>δι’</span> <span class='ocrx_word' id='word_1_97' title='bbox 847 1266 913 1327; x_wconf 79' lang='grc' dir='ltr'>οὗ</span> <span class='ocrx_word' id='word_1_98' title='bbox 952 1270 1065 1346; x_wconf 83' lang='grc' dir='ltr'>ῥέει</span> <span class='ocrx_word' id='word_1_99' title='bbox 1106 1268 1140 1329; x_wconf 77' lang='grc' dir='ltr'>ὅ</span> <span class='ocrx_word' id='word_1_100' title='bbox 1182 1270 1434 1347; x_wconf 79' lang='grc' dir='ltr'>Πηνειός,</span> <span class='ocrx_word' id='word_1_101' title='bbox 1478 1270 1690 1331; x_wconf 82' lang='grc' dir='ltr'>οἷκούων</span> <span class='ocrx_word' id='word_1_102' title='bbox 1728 1296 1790 1331; x_wconf 82' lang='grc' dir='ltr'>τε</span> <span class='ocrx_word' id='word_1_103' title='bbox 1832 1272 1970 1331; x_wconf 83' lang='grc' dir='ltr'>εἶναι</span> 
     </span>
     <span class='ocr_line' id='line_1_15' title="bbox 372 1354 1968 1435; baseline 0.004 -24"><span class='ocrx_word' id='word_1_104' title='bbox 372 1354 544 1433; x_wconf 83' lang='grc' dir='ltr'>ταύτῃ</span> <span class='ocrx_word' id='word_1_105' title='bbox 570 1354 701 1414; x_wconf 79' lang='grc' dir='ltr'>ὄδόν</span> <span class='ocrx_word' id='word_1_106' title='bbox 727 1361 781 1418; x_wconf 88' lang='grc' dir='ltr'>ἐς</span> <span class='ocrx_word' id='word_1_107' title='bbox 807 1360 1136 1432; x_wconf 84' lang='grc' dir='ltr'>Θεσσαλίην</span> <span class='ocrx_word' id='word_1_108' title='bbox 1157 1358 1458 1434; x_wconf 88' lang='grc' dir='ltr'>φέρουσαν,</span> <span class='ocrx_word' id='word_1_109' title='bbox 1483 1359 1799 1435; x_wconf 82' lang='grc' dir='ltr'>ἐπεθύμησε</span> <span class='ocrx_word' id='word_1_110' title='bbox 1817 1359 1968 1417; x_wconf 79' lang='grc' dir='ltr'>πλώ-</span> 
     </span>
     <span class='ocr_line' id='line_1_16' title="bbox 374 1441 1968 1522; baseline 0.005 -23"><span class='ocrx_word' id='word_1_111' title='bbox 374 1465 481 1506; x_wconf 86' lang='grc' dir='ltr'>σας</span> <span class='ocrx_word' id='word_1_112' title='bbox 514 1441 831 1517; x_wconf 82' lang='grc' dir='ltr'>θεήσασθαι</span> <span class='ocrx_word' id='word_1_113' title='bbox 863 1442 968 1517; x_wconf 77' lang='grc' dir='ltr'>τὴν</span> <span class='ocrx_word' id='word_1_114' title='bbox 1008 1444 1260 1520; x_wconf 79' lang='grc' dir='ltr'>ἐκβολήν</span> <span class='ocrx_word' id='word_1_115' title='bbox 1294 1444 1396 1501; x_wconf 87' lang='grc' dir='ltr'>τοῦ</span> <span class='ocrx_word' id='word_1_116' title='bbox 1440 1450 1708 1520; x_wconf 85' lang='grc' dir='ltr'>Πηνειοῦ·</span> <span class='ocrx_word' id='word_1_117' title='bbox 1749 1444 1838 1505; x_wconf 84' lang='grc' dir='ltr'>ὅτι</span> <span class='ocrx_word' id='word_1_118' title='bbox 1862 1446 1968 1522; x_wconf 77' lang='grc' dir='ltr'>τήν</span> 
     </span>
     <span class='ocr_line' id='line_1_17' title="bbox 374 1526 1968 1610; baseline 0.006 -25"><span class='ocrx_word' id='word_1_119' title='bbox 374 1526 481 1587; x_wconf 80' lang='grc' dir='ltr'>ἅνω</span> <span class='ocrx_word' id='word_1_120' title='bbox 508 1530 637 1590; x_wconf 80' lang='grc' dir='ltr'>ὁδὸν</span> <span class='ocrx_word' id='word_1_121' title='bbox 663 1532 867 1607; x_wconf 85' lang='grc' dir='ltr'>ἔμελλε</span> <span class='ocrx_word' id='word_1_122' title='bbox 894 1534 1029 1591; x_wconf 74' lang='grc' dir='ltr'>ἐλᾶν</span> <span class='ocrx_word' id='word_1_123' title='bbox 1050 1526 1498 1592; x_wconf 62' lang='grc' dir='ltr'>ὃιῶΜακεδόνων</span> <span class='ocrx_word' id='word_1_124' title='bbox 1523 1536 1634 1593; x_wconf 77' lang='grc' dir='ltr'>τῶν</span> <span class='ocrx_word' id='word_1_125' title='bbox 1663 1533 1968 1610; x_wconf 78' lang='grc' dir='ltr'>κατύπερθε</span> 
     </span>
     <span class='ocr_line' id='line_1_18' title="bbox 374 1616 1967 1699; baseline 0.003 -24"><span class='ocrx_word' id='word_1_126' title='bbox 374 1619 686 1693; x_wconf 83' lang='grc' dir='ltr'>οἰκημένων,</span> <span class='ocrx_word' id='word_1_127' title='bbox 706 1622 761 1680; x_wconf 87' lang='grc' dir='ltr'>ἐς</span> <span class='ocrx_word' id='word_1_128' title='bbox 780 1616 1142 1695; x_wconf 71' lang='grc' dir='ltr'>Περραιβοῦς</span> <span class='ocrx_word' id='word_1_129' title='bbox 1166 1618 1320 1693; x_wconf 72' lang='grc' dir='ltr'>παρὰ</span> <span class='ocrx_word' id='word_1_130' title='bbox 1347 1618 1554 1679; x_wconf 85' lang='grc' dir='ltr'>Γόννον</span> <span class='ocrx_word' id='word_1_131' title='bbox 1581 1620 1768 1679; x_wconf 88' lang='grc' dir='ltr'>πόλιν·</span> <span class='ocrx_word' id='word_1_132' title='bbox 1793 1620 1967 1699; x_wconf 81' lang='grc' dir='ltr'>ταύτῃ</span> 
     </span>
     <span class='ocr_line' id='line_1_19' title="bbox 370 1702 1970 1785; baseline 0.004 -23"><span class='ocrx_word' id='word_1_133' title='bbox 370 1702 479 1785; x_wconf 74' lang='grc' dir='ltr'>γὰρ</span> <span class='ocrx_word' id='word_1_134' title='bbox 514 1704 958 1781; x_wconf 77' lang='grc' dir='ltr'>ἀσφαλέστατον</span> <span class='ocrx_word' id='word_1_135' title='bbox 994 1704 1328 1765; x_wconf 79' lang='grc' dir='ltr'>ἐπυνθάνετο</span> <span class='ocrx_word' id='word_1_136' title='bbox 1369 1705 1532 1765; x_wconf 85' lang='grc' dir='ltr'>εἶναι·</span> <span class='ocrx_word' id='word_1_137' title='bbox 1591 1706 1660 1769; x_wconf 79' lang='grc' dir='ltr'>ὥς</span> <span class='ocrx_word' id='word_1_138' title='bbox 1687 1706 1745 1766; x_wconf 83' lang='grc' dir='ltr'>δὲ</span> <span class='ocrx_word' id='word_1_139' title='bbox 1779 1708 1970 1768; x_wconf 82' lang='grc' dir='ltr'>ἐπεθύ-</span> 
     </span>
     <span class='ocr_line' id='line_1_20' title="bbox 370 1785 1969 1871; baseline 0.001 -19"><span class='ocrx_word' id='word_1_140' title='bbox 370 1817 536 1868; x_wconf 89' lang='grc' dir='ltr'>μησε,</span> <span class='ocrx_word' id='word_1_141' title='bbox 566 1794 659 1852; x_wconf 85' lang='grc' dir='ltr'>καὶ</span> <span class='ocrx_word' id='word_1_142' title='bbox 686 1793 866 1854; x_wconf 88' lang='grc' dir='ltr'>ἐποίεε</span> <span class='ocrx_word' id='word_1_143' title='bbox 899 1795 1103 1852; x_wconf 87' lang='grc' dir='ltr'>ταῦτα·</span> <span class='ocrx_word' id='word_1_144' title='bbox 1147 1785 1329 1871; x_wconf 69' lang='grc' dir='ltr'>ἐσβᾶς</span> <span class='ocrx_word' id='word_1_145' title='bbox 1371 1798 1426 1856; x_wconf 82' lang='grc' dir='ltr'>ἐς</span> <span class='ocrx_word' id='word_1_146' title='bbox 1467 1793 1731 1870; x_wconf 83' lang='grc' dir='ltr'>Σιδωνίην</span> <span class='ocrx_word' id='word_1_147' title='bbox 1771 1795 1886 1864; x_wconf 89' lang='grc' dir='ltr'>νέα,</span> <span class='ocrx_word' id='word_1_148' title='bbox 1915 1801 1969 1860; x_wconf 87' lang='grc' dir='ltr'>ἐς</span> 
     </span>
     <span class='ocr_line' id='line_1_21' title="bbox 369 1879 1968 1958; baseline 0.003 -20"><span class='ocrx_word' id='word_1_149' title='bbox 369 1879 573 1958; x_wconf 87' lang='grc' dir='ltr'>τήνπερ</span> <span class='ocrx_word' id='word_1_150' title='bbox 600 1880 861 1957; x_wconf 80' lang='grc' dir='ltr'>ἐσέβαινε</span> <span class='ocrx_word' id='word_1_151' title='bbox 887 1881 991 1939; x_wconf 79' lang='grc' dir='ltr'>αἰεὶ</span> <span class='ocrx_word' id='word_1_152' title='bbox 1018 1879 1158 1945; x_wconf 85' lang='grc' dir='ltr'>ὅκως</span> <span class='ocrx_word' id='word_1_153' title='bbox 1181 1907 1238 1940; x_wconf 89' lang='grc' dir='ltr'>τι</span> <span class='ocrx_word' id='word_1_154' title='bbox 1265 1881 1452 1940; x_wconf 83' lang='grc' dir='ltr'>ἐθέλοι</span> <span class='ocrx_word' id='word_1_155' title='bbox 1475 1886 1696 1943; x_wconf 89' lang='grc' dir='ltr'>τοιοῦτο</span> <span class='ocrx_word' id='word_1_156' title='bbox 1714 1886 1968 1958; x_wconf 82' lang='grc' dir='ltr'>ποιῆσαι,</span> 
     </span>
     <span class='ocr_line' id='line_1_22' title="bbox 370 1965 1969 2050; baseline 0.002 -25"><span class='ocrx_word' id='word_1_157' title='bbox 370 1966 585 2038; x_wconf 75' lang='grc' dir='ltr'>ἀνέδεξε</span> <span class='ocrx_word' id='word_1_158' title='bbox 610 1968 854 2046; x_wconf 80' lang='grc' dir='ltr'>σημήϊον</span> <span class='ocrx_word' id='word_1_159' title='bbox 882 1969 973 2027; x_wconf 82' lang='grc' dir='ltr'>καὶ</span> <span class='ocrx_word' id='word_1_160' title='bbox 998 1973 1152 2028; x_wconf 86' lang='grc' dir='ltr'>τοῖσι</span> <span class='ocrx_word' id='word_1_161' title='bbox 1183 1965 1420 2028; x_wconf 75' lang='grc' dir='ltr'>ἄλλοισι</span> <span class='ocrx_word' id='word_1_162' title='bbox 1450 1968 1776 2050; x_wconf 73' lang='grc' dir='ltr'>ἀνοίγεσθαι,</span> <span class='ocrx_word' id='word_1_163' title='bbox 1805 1995 1969 2030; x_wconf 87' lang='grc' dir='ltr'>κατα-</span> 
     </span>
     <span class='ocr_line' id='line_1_23' title="bbox 369 2055 1970 2132; baseline 0.003 -19"><span class='ocrx_word' id='word_1_164' title='bbox 369 2055 548 2116; x_wconf 69' lang='grc' dir='ltr'>λιπὼν</span> <span class='ocrx_word' id='word_1_165' title='bbox 572 2055 743 2116; x_wconf 73' lang='grc' dir='ltr'>αὐτοῦ</span> <span class='ocrx_word' id='word_1_166' title='bbox 768 2056 869 2117; x_wconf 79' lang='grc' dir='ltr'>τὸν</span> <span class='ocrx_word' id='word_1_167' title='bbox 893 2055 1063 2126; x_wconf 79' lang='grc' dir='ltr'>πεζὸν</span> <span class='ocrx_word' id='word_1_168' title='bbox 1088 2055 1358 2132; x_wconf 86' lang='grc' dir='ltr'>στρατόν·</span> <span class='ocrx_word' id='word_1_169' title='bbox 1387 2058 1506 2116; x_wconf 87' lang='grc' dir='ltr'>ἐπεὶ</span> <span class='ocrx_word' id='word_1_170' title='bbox 1533 2057 1592 2116; x_wconf 76' lang='grc' dir='ltr'>δὲ</span> <span class='ocrx_word' id='word_1_171' title='bbox 1619 2057 1849 2118; x_wconf 70' lang='grc' dir='ltr'>ἀπίκετο</span> <span class='ocrx_word' id='word_1_172' title='bbox 1877 2060 1970 2118; x_wconf 83' lang='grc' dir='ltr'>καὶ</span> 
     </span>
     <span class='ocr_line' id='line_1_24' title="bbox 370 2143 1969 2224; baseline 0.003 -22"><span class='ocrx_word' id='word_1_173' title='bbox 370 2143 641 2218; x_wconf 79' lang='grc' dir='ltr'>ἐθεήσατο</span> <span class='ocrx_word' id='word_1_174' title='bbox 662 2145 871 2221; x_wconf 80' lang='grc' dir='ltr'>Ξέρξης</span> <span class='ocrx_word' id='word_1_175' title='bbox 888 2143 992 2220; x_wconf 78' lang='grc' dir='ltr'>τήν</span> <span class='ocrx_word' id='word_1_176' title='bbox 1013 2144 1268 2220; x_wconf 76' lang='grc' dir='ltr'>ἐκβολήν</span> <span class='ocrx_word' id='word_1_177' title='bbox 1286 2150 1388 2206; x_wconf 85' lang='grc' dir='ltr'>τοῦ</span> <span class='ocrx_word' id='word_1_178' title='bbox 1402 2149 1664 2220; x_wconf 87' lang='grc' dir='ltr'>Πηνειοῦ,</span> <span class='ocrx_word' id='word_1_179' title='bbox 1683 2151 1740 2206; x_wconf 89' lang='grc' dir='ltr'>ἐν</span> <span class='ocrx_word' id='word_1_180' title='bbox 1757 2145 1969 2224; x_wconf 80' lang='grc' dir='ltr'>θώματι</span> 
     </span>
     <span class='ocr_line' id='line_1_25' title="bbox 366 2231 1970 2313; baseline 0.006 -25"><span class='ocrx_word' id='word_1_181' title='bbox 366 2231 597 2310; x_wconf 76' lang='grc' dir='ltr'>μεγάλῳ</span> <span class='ocrx_word' id='word_1_182' title='bbox 624 2232 903 2310; x_wconf 87' lang='grc' dir='ltr'>ἐνέσχετο·</span> <span class='ocrx_word' id='word_1_183' title='bbox 933 2233 1182 2295; x_wconf 84' lang='grc' dir='ltr'>καλέσας</span> <span class='ocrx_word' id='word_1_184' title='bbox 1207 2233 1267 2290; x_wconf 78' lang='grc' dir='ltr'>δὲ</span> <span class='ocrx_word' id='word_1_185' title='bbox 1295 2231 1426 2294; x_wconf 79' lang='grc' dir='ltr'>τοῦς</span> <span class='ocrx_word' id='word_1_186' title='bbox 1461 2234 1840 2313; x_wconf 83' lang='grc' dir='ltr'>κατηγεμόνας</span> <span class='ocrx_word' id='word_1_187' title='bbox 1869 2239 1970 2310; x_wconf 80' lang='grc' dir='ltr'>τῆς</span> 
     </span>
     <span class='ocr_line' id='line_1_26' title="bbox 370 2315 1970 2401; baseline 0.005 -28"><span class='ocrx_word' id='word_1_188' title='bbox 370 2315 518 2385; x_wconf 81' lang='grc' dir='ltr'>ὁδοῦ,</span> <span class='ocrx_word' id='word_1_189' title='bbox 542 2318 716 2393; x_wconf 85' lang='grc' dir='ltr'>εἴρετο</span> <span class='ocrx_word' id='word_1_190' title='bbox 738 2322 785 2376; x_wconf 82' lang='grc' dir='ltr'>εἰ</span> <span class='ocrx_word' id='word_1_191' title='bbox 809 2318 909 2377; x_wconf 72' lang='grc' dir='ltr'>τὸν</span> <span class='ocrx_word' id='word_1_192' title='bbox 927 2319 1184 2395; x_wconf 86' lang='grc' dir='ltr'>ποταμόν</span> <span class='ocrx_word' id='word_1_193' title='bbox 1205 2323 1328 2379; x_wconf 89' lang='grc' dir='ltr'>ἐστι</span> <span class='ocrx_word' id='word_1_194' title='bbox 1352 2321 1785 2398; x_wconf 85' lang='grc' dir='ltr'>παρατρέψαντα</span> <span class='ocrx_word' id='word_1_195' title='bbox 1813 2321 1970 2401; x_wconf 80' lang='grc' dir='ltr'>ἑτέρῃ</span> 
     </span>
     <span class='ocr_line' id='line_1_27' title="bbox 373 2402 2060 2489; baseline 0.005 -30"><span class='ocrx_word' id='word_1_196' title='bbox 373 2405 431 2463; x_wconf 87' lang='grc' dir='ltr'>ἐς</span> <span class='ocrx_word' id='word_1_197' title='bbox 457 2402 761 2464; x_wconf 79' lang='grc' dir='ltr'>θάλασσαν</span> <span class='ocrx_word' id='word_1_198' title='bbox 787 2405 1078 2486; x_wconf 77' lang='grc' dir='ltr'>ἐξαγαγεῖν</span> <span class='ocrx_word' id='word_1_199' title='bbox 1090 2433 1105 2476; x_wconf 91' lang='lat'>;</span> <span class='ocrx_word' id='word_1_200' title='bbox 1150 2406 1291 2486; x_wconf 79' lang='grc' dir='ltr'>(Τὴν</span> <span class='ocrx_word' id='word_1_201' title='bbox 1317 2407 1375 2466; x_wconf 82' lang='grc' dir='ltr'>δὲ</span> <span class='ocrx_word' id='word_1_202' title='bbox 1402 2409 1732 2484; x_wconf 86' lang='grc' dir='ltr'>Θεσσαλίην</span> <span class='ocrx_word' id='word_1_203' title='bbox 1759 2407 1930 2489; x_wconf 85' lang='grc' dir='ltr'>λόγος</span> <span class='ocrx_word' id='word_1_204' title='bbox 1951 2411 2060 2468; x_wconf 83' lang='grc'>129</span> 
     </span>
     <span class='ocr_line' id='line_1_28' title="bbox 372 2490 1968 2576; baseline 0.005 -29"><span class='ocrx_word' id='word_1_205' title='bbox 372 2490 495 2548; x_wconf 86' lang='grc' dir='ltr'>ἐστὶ</span> <span class='ocrx_word' id='word_1_206' title='bbox 526 2490 593 2550; x_wconf 80' lang='grc' dir='ltr'><em>τό</em></span> <span class='ocrx_word' id='word_1_207' title='bbox 630 2491 875 2551; x_wconf 74' lang='grc' dir='ltr'>παλαιὰν</span> <span class='ocrx_word' id='word_1_208' title='bbox 916 2492 1053 2552; x_wconf 82' lang='grc' dir='ltr'>εἶναι</span> <span class='ocrx_word' id='word_1_209' title='bbox 1095 2495 1316 2570; x_wconf 83' lang='grc' dir='ltr'>λίμνην,</span> <span class='ocrx_word' id='word_1_210' title='bbox 1345 2492 1492 2554; x_wconf 78' lang='grc' dir='ltr'>ὥστε</span> <span class='ocrx_word' id='word_1_211' title='bbox 1529 2520 1596 2574; x_wconf 88' lang='grc' dir='ltr'>γε</span> <span class='ocrx_word' id='word_1_212' title='bbox 1637 2500 1968 2576; x_wconf 83' lang='grc' dir='ltr'>συγκεκληϊ-</span> 
     </span>
     <span class='ocr_line' id='line_1_29' title="bbox 370 2577 1968 2664; baseline 0.004 -28"><span class='ocrx_word' id='word_1_213' title='bbox 370 2577 583 2654; x_wconf 88' lang='grc' dir='ltr'>σμένην</span> <span class='ocrx_word' id='word_1_214' title='bbox 624 2577 897 2639; x_wconf 77' lang='grc' dir='ltr'>πάντοθεν</span> <span class='ocrx_word' id='word_1_215' title='bbox 938 2580 1287 2657; x_wconf 77' lang='grc' dir='ltr'>ῦπερμήκεσι</span> <span class='ocrx_word' id='word_1_216' title='bbox 1334 2581 1552 2654; x_wconf 64' lang='grc' dir='ltr'>οὔρεσι·</span> <span class='ocrx_word' id='word_1_217' title='bbox 1605 2583 1678 2643; x_wconf 80' lang='grc' dir='ltr'>τοὶ</span> <span class='ocrx_word' id='word_1_218' title='bbox 1717 2585 1820 2659; x_wconf 81' lang='grc' dir='ltr'>μὲν</span> <span class='ocrx_word' id='word_1_219' title='bbox 1857 2584 1968 2664; x_wconf 74' lang='grc' dir='ltr'>γὰρ</span> 
     </span>
     <span class='ocr_line' id='line_1_30' title="bbox 369 2663 1970 2747; baseline -0.002 -18"><span class='ocrx_word' id='word_1_220' title='bbox 369 2663 538 2740; x_wconf 67' lang='grc' dir='ltr'>αὐτῆς</span> <span class='ocrx_word' id='word_1_221' title='bbox 563 2667 703 2744; x_wconf 84' lang='grc' dir='ltr'>πρός</span> <span class='ocrx_word' id='word_1_222' title='bbox 726 2666 832 2744; x_wconf 79' lang='grc' dir='ltr'>τήν</span> <span class='ocrx_word' id='word_1_223' title='bbox 856 2667 939 2743; x_wconf 81' lang='grc' dir='ltr'><strong><em>ἦῶ</em></strong></span> <span class='ocrx_word' id='word_1_224' title='bbox 967 2669 1168 2747; x_wconf 86' lang='grc' dir='ltr'>ἔχοντα</span> <span class='ocrx_word' id='word_1_225' title='bbox 1190 2671 1258 2729; x_wconf 90' lang='grc' dir='ltr'>τό</span> <span class='ocrx_word' id='word_1_226' title='bbox 1283 2694 1345 2728; x_wconf 94' lang='grc' dir='ltr'>τε</span> <span class='ocrx_word' id='word_1_227' title='bbox 1370 2669 1594 2744; x_wconf 80' lang='grc' dir='ltr'>Πήλιον</span> <span class='ocrx_word' id='word_1_228' title='bbox 1617 2668 1784 2747; x_wconf 74' lang='grc' dir='ltr'>οὖρος</span> <span class='ocrx_word' id='word_1_229' title='bbox 1811 2670 1902 2728; x_wconf 86' lang='grc' dir='ltr'>καὶ</span> <span class='ocrx_word' id='word_1_230' title='bbox 1931 2670 1970 2745; x_wconf 81' lang='grc' dir='ltr'><em>ἦ</em></span> 
     </span>
     <span class='ocr_line' id='line_1_31' title="bbox 358 2749 1971 2836; baseline 0 -22"><span class='ocrx_word' id='word_1_231' title='bbox 358 2749 559 2814; x_wconf 82' lang='grc' dir='ltr'>Ὄσσα</span> <span class='ocrx_word' id='word_1_232' title='bbox 596 2753 871 2834; x_wconf 75' lang='grc' dir='ltr'>σῖποκλῄει</span> <span class='ocrx_word' id='word_1_233' title='bbox 908 2757 1309 2836; x_wconf 88' lang='grc' dir='ltr'>συμμίσγοντα</span> <span class='ocrx_word' id='word_1_234' title='bbox 1341 2757 1443 2820; x_wconf 83' lang='grc' dir='ltr'>τοὶς</span> <span class='ocrx_word' id='word_1_235' title='bbox 1481 2756 1752 2834; x_wconf 77' lang='grc' dir='ltr'>ῦπωρείας</span> <span class='ocrx_word' id='word_1_236' title='bbox 1791 2756 1971 2832; x_wconf 84' lang='grc' dir='ltr'>α’λλή-</span> 
     </span>
     <span class='ocr_line' id='line_1_32' title="bbox 368 2840 1971 2922; baseline 0.004 -24"><span class='ocrx_word' id='word_1_237' title='bbox 368 2841 543 2910; x_wconf 89' lang='grc' dir='ltr'>λοισι,</span> <span class='ocrx_word' id='word_1_238' title='bbox 570 2841 641 2901; x_wconf 77' lang='grc' dir='ltr'>τὰ</span> <span class='ocrx_word' id='word_1_239' title='bbox 666 2842 725 2901; x_wconf 75' lang='grc' dir='ltr'>δὲ</span> <span class='ocrx_word' id='word_1_240' title='bbox 749 2842 891 2919; x_wconf 76' lang='grc' dir='ltr'>πρός</span> <span class='ocrx_word' id='word_1_241' title='bbox 916 2845 1103 2922; x_wconf 87' lang='grc' dir='ltr'>βορέω</span> <span class='ocrx_word' id='word_1_242' title='bbox 1130 2842 1338 2921; x_wconf 71' lang='grc' dir='ltr'>σῖνέμου</span> <span class='ocrx_word' id='word_1_243' title='bbox 1371 2844 1404 2904; x_wconf 77' lang='grc' dir='ltr'>ὅ</span> <span class='ocrx_word' id='word_1_244' title='bbox 1443 2840 1764 2921; x_wconf 79' lang='grc' dir='ltr'>Οὕλυμπος,</span> <span class='ocrx_word' id='word_1_245' title='bbox 1802 2843 1874 2903; x_wconf 80' lang='grc' dir='ltr'>τοὶ</span> <span class='ocrx_word' id='word_1_246' title='bbox 1911 2845 1971 2904; x_wconf 84' lang='grc' dir='ltr'>δὲ</span> 
     </span>
     <span class='ocr_line' id='line_1_33' title="bbox 368 2927 1970 3009; baseline 0.005 -25"><span class='ocrx_word' id='word_1_247' title='bbox 368 2927 510 3004; x_wconf 82' lang='grc' dir='ltr'>πρός</span> <span class='ocrx_word' id='word_1_248' title='bbox 550 2931 793 3006; x_wconf 81' lang='grc' dir='ltr'>ἑσπέρην</span> <span class='ocrx_word' id='word_1_249' title='bbox 830 2932 1061 2994; x_wconf 84' lang='grc' dir='ltr'>Πίνδος·</span> <span class='ocrx_word' id='word_1_250' title='bbox 1109 2931 1181 2991; x_wconf 67' lang='lat' dir='ltr'>ro?</span> <span class='ocrx_word' id='word_1_251' title='bbox 1224 2933 1284 2992; x_wconf 83' lang='grc' dir='ltr'>δὲ</span> <span class='ocrx_word' id='word_1_252' title='bbox 1324 2931 1462 3008; x_wconf 85' lang='grc' dir='ltr'>πρός</span> <span class='ocrx_word' id='word_1_253' title='bbox 1500 2931 1868 3009; x_wconf 87' lang='grc' dir='ltr'>μεσαμβρίην</span> <span class='ocrx_word' id='word_1_254' title='bbox 1907 2957 1970 2992; x_wconf 88' lang='grc' dir='ltr'>τε</span> 
     </span>
     <span class='ocr_line' id='line_1_34' title="bbox 369 3016 1971 3097; baseline 0.004 -24"><span class='ocrx_word' id='word_1_255' title='bbox 369 3016 461 3074; x_wconf 86' lang='grc' dir='ltr'>καὶ</span> <span class='ocrx_word' id='word_1_256' title='bbox 487 3016 689 3094; x_wconf 76' lang='grc' dir='ltr'>ἄνεμον</span> <span class='ocrx_word' id='word_1_257' title='bbox 716 3018 877 3079; x_wconf 86' lang='grc' dir='ltr'>νότον</span> <span class='ocrx_word' id='word_1_258' title='bbox 902 3018 1173 3097; x_wconf 82' lang='grc' dir='ltr'>ή”Οθρυς</span> <span class='ocrx_word' id='word_1_259' title='bbox 1187 3043 1200 3059; x_wconf 90' lang='grc'>·</span> <span class='ocrx_word' id='word_1_260' title='bbox 1242 3019 1308 3079; x_wconf 73' lang='grc' dir='ltr'>τὰ</span> <span class='ocrx_word' id='word_1_261' title='bbox 1335 3021 1514 3096; x_wconf 89' lang='grc' dir='ltr'>μέσον</span> <span class='ocrx_word' id='word_1_262' title='bbox 1541 3021 1600 3078; x_wconf 76' lang='grc' dir='ltr'>δὲ</span> <span class='ocrx_word' id='word_1_263' title='bbox 1625 3018 1832 3079; x_wconf 82' lang='grc' dir='ltr'>τούτων</span> <span class='ocrx_word' id='word_1_264' title='bbox 1861 3023 1971 3080; x_wconf 77' lang='grc' dir='ltr'>τῶν</span> 
     </span>
     <span class='ocr_line' id='line_1_35' title="bbox 368 3105 1970 3184; baseline 0.001 -23"><span class='ocrx_word' id='word_1_265' title='bbox 368 3105 679 3183; x_wconf 86' lang='grc' dir='ltr'>λεχθέντων</span> <span class='ocrx_word' id='word_1_266' title='bbox 720 3105 921 3184; x_wconf 71' lang='grc' dir='ltr'>οὐρέων</span> <span class='ocrx_word' id='word_1_267' title='bbox 961 3105 999 3180; x_wconf 82' lang='grc' dir='ltr'><em>ἤ</em></span> <span class='ocrx_word' id='word_1_268' title='bbox 1039 3108 1338 3182; x_wconf 85' lang='grc' dir='ltr'>Θεσσαλίη</span> <span class='ocrx_word' id='word_1_269' title='bbox 1381 3106 1521 3176; x_wconf 84' lang='grc' dir='ltr'>ἐστὶ,</span> <span class='ocrx_word' id='word_1_270' title='bbox 1565 3109 1739 3165; x_wconf 84' lang='grc' dir='ltr'>ἐοῦσα</span> <span class='ocrx_word' id='word_1_271' title='bbox 1779 3105 1942 3181; x_wconf 67' lang='grc' dir='ltr'>κοιλη</span> <span class='ocrx_word' id='word_1_272' title='bbox 1955 3133 1970 3146; x_wconf 89' lang='grc'>·</span> 
     </span>
     <span class='ocr_line' id='line_1_36' title="bbox 368 3189 1970 3273; baseline 0.002 -22"><span class='ocrx_word' id='word_1_273' title='bbox 368 3189 515 3252; x_wconf 82' lang='grc' dir='ltr'>ὥστε</span> <span class='ocrx_word' id='word_1_274' title='bbox 542 3192 615 3252; x_wconf 82' lang='grc' dir='ltr'>ὧν</span> <span class='ocrx_word' id='word_1_275' title='bbox 632 3197 899 3269; x_wconf 78' lang='grc' dir='ltr'>ποταμῶν</span> <span class='ocrx_word' id='word_1_276' title='bbox 920 3198 975 3256; x_wconf 86' lang='grc' dir='ltr'>ἐς</span> <span class='ocrx_word' id='word_1_277' title='bbox 995 3192 1168 3269; x_wconf 74' lang='grc' dir='ltr'>αὐτὴν</span> <span class='ocrx_word' id='word_1_278' title='bbox 1189 3196 1279 3252; x_wconf 87' lang='grc' dir='ltr'>καὶ</span> <span class='ocrx_word' id='word_1_279' title='bbox 1297 3193 1489 3253; x_wconf 76' lang='grc' dir='ltr'>ἄλλων</span> <span class='ocrx_word' id='word_1_280' title='bbox 1509 3196 1731 3273; x_wconf 72' lang='grc' dir='ltr'>συχνῶν</span> <span class='ocrx_word' id='word_1_281' title='bbox 1755 3194 1970 3270; x_wconf 84' lang='grc' dir='ltr'>ἐσβαλ-</span> 
     </span>
     <span class='ocr_line' id='line_1_37' title="bbox 366 3279 1966 3360; baseline 0.002 -22"><span class='ocrx_word' id='word_1_282' title='bbox 366 3279 595 3353; x_wconf 88' lang='grc' dir='ltr'>λόντων,</span> <span class='ocrx_word' id='word_1_283' title='bbox 622 3281 787 3342; x_wconf 87' lang='grc' dir='ltr'>πέντε</span> <span class='ocrx_word' id='word_1_284' title='bbox 822 3280 883 3340; x_wconf 84' lang='grc' dir='ltr'>δὲ</span> <span class='ocrx_word' id='word_1_285' title='bbox 911 3285 1021 3342; x_wconf 77' lang='grc' dir='ltr'>τῶν</span> <span class='ocrx_word' id='word_1_286' title='bbox 1054 3280 1294 3358; x_wconf 82' lang='grc' dir='ltr'>δοκίμων</span> <span class='ocrx_word' id='word_1_287' title='bbox 1331 3279 1588 3356; x_wconf 80' lang='grc' dir='ltr'>μάλιστα</span> <span class='ocrx_word' id='word_1_288' title='bbox 1625 3281 1813 3350; x_wconf 78' lang='grc' dir='ltr'>τῶνδε,</span> <span class='ocrx_word' id='word_1_289' title='bbox 1849 3287 1966 3360; x_wconf 79' lang='grc' dir='ltr'>Πη-</span> 
     </span>
    </p>
   </div>
  </div>
 </body>
</html>
