2259 3500
303 120 398 168 223
909 116 1280 167 ·HP0Ao‘ro¹r
1718 112 1902 178 [vm.

295 196 562 275 ὖστεραίῃ
597 196 780 275 ἤμέρῃ
817 198 910 255 ἐπὶ
944 195 1010 255 τό
1043 194 1405 271 Ἀρτεμίσιον
1437 192 1792 264 ἐπελέξαντο·
1832 194 1905 255 τὰ

298 284 358 343 δὲ
382 284 687 364 γράμματα
713 283 845 342 τάδε
875 284 1052 363 ἔλεγε·
1096 293 1130 317 “
1150 280 1343 357 ἄνδρες
1367 279 1569 350 Ἴωνες,
1600 281 1665 339 οὗ
1691 283 1905 342 ποιέετε

299 372 480 430 δίκαια
535 372 626 429 ἐπὶ
679 370 810 433 τούς
860 370 1102 447 πατέρας
1157 368 1603 446 στρατευόμενοι,
1660 370 1752 427 καὶ
1800 369 1905 446 τὴν

295 458 554 517 Ἑλλάδα
593 458 1118 534 καταδουλούμενοι·
1162 456 1316 517 ἀλλὰ
1346 456 1603 534 μάλιστα
1631 461 1737 533 μὲν
1764 460 1905 536 πρός

297 548 480 624 ἡμέων
519 548 763 628 γίνεσθε·
821 552 869 607 εἰ
909 548 968 607 δὲ
1009 547 1140 623 ὖμῖν
1180 552 1303 606 ἐστι
1345 549 1511 605 τοῦτο
1550 546 1633 623 μὴ
1673 546 1904 608 δυνατὸν

298 639 550 711 ποιῆσαι,
593 636 754 714 ὖμέες
809 635 868 694 δὲ
911 636 990 695 ἔτι
1033 635 1124 695 καὶ
1164 639 1262 695 νῦν
1303 638 1362 691 ἐκ
1401 637 1502 692 τοῦ
1548 634 1728 709 μέσου
1767 634 1903 712 ἡμῖν

299 724 492 794 ἕζεσθε
535 726 628 783 καὶ
668 723 843 794 αὐτοὶ,
887 724 980 783 καὶ
1017 727 1128 783 τῶν
1171 724 1375 798 Καρῶν
1416 721 1610 781 δέεσθε
1648 722 1720 781 ard
1760 721 1903 782 αὐτοὶ

295 809 426 887 1ιῖιμῖν
479 814 705 873 ποιέειν·
791 816 840 871 εἰ
890 812 949 871 δὲ
1015 811 1319 888 μηδέτερον
1384 808 1593 869 τούτων
1660 810 1780 869 οἷόν
1840 838 1902 870 τε

296 900 569 979 γίνεσθαι,
609 899 739 959 ἀλλ’
779 900 869 959 ὑπ’
903 899 1206 979 ἀναγκαίης
1236 898 1465 974 μέζονος
1506 898 1899 976 κατέζευχθε
1865 926 1901 975 η

298 987 444 1047 ὥστε
475 987 906 1057 ιιῖπίστασθαι,ε
872 988 1034 1064 υμέες
1071 1013 1141 1068 γε
1174 992 1231 1047 ἐν
1261 1015 1339 1069 τῳ
1369 986 1526 1096 ἔργῳ,
1557 985 1725 1045 ἐπεοὶν
1759 1012 1901 1064 συμ-

295 1076 605 1183 μίσγωμεν,
645 1076 1047 1145 ἐθελοκακέετε,
1085 1073 1427 1151 μεμνημένοι
1464 1072 1550 1133 ὅτι
1582 1071 1678 1131 ἀπ’
1718 1073 1901 1149 ἡμέων

295 1162 563 1243 γεγόνατε
605 1164 695 1221 καὶ
739 1163 826 1223 ὅτι
867 1161 1114 1241 ἀρχῆθεν
1146 1162 1185 1237 ἦ
1222 1162 1393 1240 ἔχθρη
1436 1160 1577 1239 πρός
1617 1188 1719 1221 τον
1758 1162 1900 1239 βάρ-

297 1252 482 1326 βαρον
523 1249 617 1309 ἀπ’
657 1250 838 1327 ὖμέων
875 1250 1010 1326 ἡμῖν
1056 1248 1325 1362 γέγονε.”
1384 1250 1801 1325 Θεμιστοκλέης
1841 1252 1901 1311 δὲ

295 1341 470 1397 ταῦτα
518 1340 740 1419 ἔγραψε,
797 1338 1006 1398 δοκέειν
1051 1338 1192 1415 ἐμοὶ,
1242 1336 1325 1397 ἐπ’
1374 1336 1669 1414 ἀμφότερα
1713 1339 1899 1398 νοέων·

299 1426 386 1485 ἵνα
412 1423 449 1501 ἢ
477 1426 725 1487 λαθόντα
756 1426 828 1486 τοὶ
863 1426 1170 1507 γράμματα
1195 1426 1449 1502 βασιλέα
1466 1423 1662 1488 Ἴωνας
1686 1426 1899 1507 ποιήσῃ

295 1515 669 1590 μεταβαλέειν
714 1514 805 1573 καὶ
846 1515 1111 1595 γενέσθαι
1152 1513 1293 1592 πρός
1327 1516 1551 1585 ἑωυτῶν,
1591 1512 1644 1589 ἢ,
1682 1516 1808 1573 ἐπεί
1838 1540 1900 1574 τε

295 1600 586 1683 ανενειχθῇ
653 1604 746 1663 καὶ
805 1604 1094 1682 διαβληθῇ
1148 1602 1289 1679 πρός
1346 1600 1573 1679 Ξέρξεα,
1628 1600 1901 1667 οἷπίστους

295 1691 509 1770 ποιήσῃ
575 1692 704 1758 τούς
744 1691 942 1755 Ἴωνας
994 1692 1087 1752 καὶ
1138 1694 1251 1752 τῶν
1309 1689 1655 1822 ναυμαχιέων
1704 1689 1902 1756 αὐτοῦς

300 1779 554 1860 ἀπόσχῃ.

201 1869 280 1928 23
377 1871 797 1945 Θεμιστοκλέης
820 1871 926 1946 μὲν
950 1871 1126 1927 ταῦτα
1164 1869 1453 1948 ἐνέγραψε·
1492 1869 1647 1927 τοῖσι
1673 1867 1733 1926 δε
1756 1870 1899 1946 βαρ-

295 1956 533 2033 βαροισι
599 1957 794 2016 αὐτίκα
849 1982 992 2032 μετα
1059 1959 1236 2015 ταῦτα
1302 1957 1483 2035 πλοίῳ
1550 1953 1692 2031 ἦλθε
1759 1955 1899 2034 ἆνηρ

293 2043 600 2115 Ἱστιαιεῦς,
629 2044 925 2124 ἀγγέλλων
955 2041 1059 2110 ,τᾶν
1095 2043 1352 2120 δρησμὸν
1388 2045 1489 2102 τὸν
1530 2042 1623 2102 ἀπ’
1649 2043 1901 2122 Ἀρτεμι-

301 2133 430 2190 σίου
474 2136 583 2191 τῶν
627 2130 934 2206 Ἑλλήνων.
1017 2133 1072 2189 οἶ
1119 2131 1166 2190 δ’
1212 2131 1304 2189 ὑπ’
1352 2131 1617 2208 ἀπιστίης
1657 2131 1757 2192 τὸν
1797 2136 1901 2209 μὲν

296 2217 651 2298 ἀγγέλλοντα
683 2219 835 2298 εἶχον
875 2224 932 2279 ἐν
970 2223 1215 2299 φυλακῇ,
1246 2224 1381 2295 νῆας
1416 2219 1477 2278 δὲ
1508 2220 1735 2298 ταχείας
1770 2219 1897 2280 α’πέ-

297 2309 530 2365 στειλαν
565 2308 1078 2385 προκατοψομένας·
1121 2306 1581 2388 ἀπαγγειλάντων
1608 2308 1666 2366 δὲ
1692 2308 1901 2368 τούτων

294 2393 368 2452 τοὶ
385 2391 470 2468 ἣν,
489 2392 628 2453 οὕτω
650 2394 719 2470 δὴ
740 2393 858 2470 ἅμα
885 2395 1028 2475 ἡλίῳ
1055 2396 1399 2473 σκιδναμένῳ
1420 2399 1582 2454 πᾶσα
1603 2395 1641 2471 ἦ
1662 2395 1899 2472 στρατιή

297 2481 474 2540 ἔπλωε
511 2481 657 2558 ἆλῆς
702 2483 792 2542 ἐπὶ
823 2483 890 2543 τό
924 2482 1300 2560 Ἀρτεμίσιον·
1366 2483 1693 2562 ἐπισχόντες
1740 2483 1799 2542 δὲ
1843 2489 1901 2544 ἐν

294 2568 468 2648 τούτῳ
492 2574 570 2648 τῷ
594 2570 755 2649 χώρῳ
788 2571 958 2650 μέχρι
996 2572 1177 2648 μέσου
1212 2570 1437 2648 ἡμέρης,
1464 2571 1534 2631 ‘ro‘
1562 2570 1674 2630 ἅπό
1700 2571 1901 2631 τούτου

297 2656 511 2717 ἔπλωον
539 2664 592 2720 ἐς
623 2658 914 2734 Ἱστιαίην·
957 2658 1284 2735 α’πικόμενοι
1310 2659 1370 2718 δὲ
1396 2658 1499 2734 τήν
1529 2658 1702 2719 πόλιν
1729 2661 1903 2738 ἔσχον

293 2748 403 2804 τῶν
437 2745 758 2816 Ἱστιαιέων,
805 2748 895 2805 καὶ
935 2750 1036 2822 τῆς
1073 2746 1383 2822 Ἐλλοπίης
1426 2748 1640 2824 μοίρης,
1688 2750 1795 2827 γῆς
1842 2747 1902 2806 δὲ

293 2836 393 2908 τῆς
415 2833 820 2910 Ἱστιαιήτιδος,
849 2834 948 2898 τοῖς
975 2835 1453 2912 παραθαλασσίας
1491 2835 1679 2912 κώμας
1712 2835 1903 2898 πάσας

295 2921 623 2997 ἐπέδραμον.

201 3008 279 3066 24
375 3006 650 3069 Ἐνθαῦτα
675 3010 736 3069 δὲ
761 3009 969 3071 τούτων
990 3009 1204 3080 ἐόντων,
1226 3009 1438 3086 Ξέρξης
1464 3009 1904 3087 ἑτοιμασάμενος

293 3094 368 3154 τοὶ
431 3097 558 3172 περὶ
625 3097 754 3161 τούς
807 3097 1047 3175 νεκρούς,
1099 3100 1309 3174 ἔπεμπε
1367 3103 1443 3160 ἐς·
1488 3096 1591 3157 τὸν
1646 3098 1904 3158 ναυτικόν

297 3183 544 3258 στρατὸν
580 3185 808 3263 κήρυκα·
847 3185 1304 3264 προετοιμάσατο
1340 3185 1401 3244 δὲ
1431 3183 1583 3244 τάδε·
1632 3184 1761 3244 ὅσοι
1799 3189 1902 3244 τοῦ

295 3274 541 3342 στρατοῦ
585 3278 684 3330 τοῦ
730 3279 932 3333 ἑωυτοῦ
968 3272 1120 3348 ἦσαν
1156 3271 1339 3349 νεκροὶ
1375 3276 1435 3330 ἐν
1470 3272 1900 3348 Θερμοπύλῃσι·
