2259 3500
342 136 558 203 17—22]
1002 138 1309 185 OTPANIA.
1837 137 1931 189 227

341 216 648 293 κατήκουσι
679 215 978 295 πρήγμασι
1010 213 1143 273 τάδε
1176 215 1409 290 ποιητέα
1444 221 1557 291 σφι
1587 216 1725 276 εἶναι
1756 217 1933 296 ἔλεγε·

339 308 450 365 τῶν
483 329 546 363 τε
581 301 882 379 προβάτων
915 306 1024 362 τῶν
1063 301 1360 378 Εὖβοῖκῶν
1390 302 1679 363 καταθύειν
1704 302 1817 363 ὅσα
1850 330 1933 367 τις

343 392 545 452 ἐθέλοι·
615 390 882 468 (κρέσσον
920 389 1030 470 γὰρ
1071 389 1209 450 εἶναι
1248 389 1351 465 τὴν
1402 390 1673 468 στρατιὴν
1714 394 1859 468 ἔχειν
1897 390 1935 467 ἢ

340 478 470 541 τοῦς
507 477 852 557 πολεμίους·)
903 478 1168 553 παραίνεέ
1205 504 1268 537 τε
1298 482 1582 554 προειπεῖν
1617 482 1770 537 τοῖσι
1812 482 1935 539 ἑωυ-

341 571 450 626 τῶν
491 566 758 628 ἑκάστους
798 569 910 642 πῦρ
951 563 1247 625 ἀνακαίειν·
1302 566 1533 641 κομιδῆς
1574 566 1633 624 δὲ
1672 566 1799 641 πέρι
1832 565 1936 642 τήν

343 653 486 732 ὥρην
533 653 682 732 αὐτῷ
719 652 1006 730 μελήσειν,
1067 651 1214 713 ὥστε
1254 651 1479 717 ἀσινέας
1526 652 1826 714 ἀπικέσθαι
1881 660 1937 717 ἐς

341 741 444 816 τὴν
467 741 735 801 Ἑλλάδα.
819 744 995 801 ταῦτα
1019 740 1195 817 ἤρεσέ
1218 746 1331 816 σφι
1356 742 1579 801 ποιέειν·
1622 743 1713 800 καὶ
1740 741 1937 802 αὐτίκα

343 833 454 905 πῦρ
501 828 946 906 ἀνακαυσάμενοι
986 827 1289 905 ἐτράποντο
1342 829 1480 905 πρὸς
1529 830 1601 888 τοὶ
1650 829 1935 905 πρόβατα.

347 919 420 974 Οἱ
483 916 594 997 γὰρ
661 916 908 991 Εὐβοέες
977 915 1477 994 παραχρησάμενοι
1534 916 1635 977 τὸν
1700 917 1937 981 Βάκιδος
1953 920 2031 978 20

342 1004 606 1082 χρησμὸν
661 1003 732 1067 ὥς
771 1003 927 1063 οὐδὲν
979 1004 1235 1084 λέγοντα,
1278 1002 1403 1063 οὔτε
1447 1030 1503 1063 τι
1543 1004 1937 1081 ἐξεκομίσαντο

345 1090 500 1151 οὐδὲν
527 1092 652 1151 οὔτε
683 1090 1068 1168 προεσάξαντο
1101 1090 1173 1154 ὥς
1208 1093 1593 1168 παρεσομένου
1630 1099 1743 1169 σφι
1768 1095 1937 1153 πολέ-

343 1206 468 1255 μου,
517 1180 816 1257 περιπετέα
857 1205 919 1239 τε
979 1178 1317 1254 ἐποιήσαντο
1370 1181 1547 1256 σφίσι
1596 1180 1817 1241 αὐτοῖσι
1863 1179 1937 1241 w}

346 1267 664 1349 πρήγματα·
734 1266 932 1326 Βάκιδι
981 1265 1091 1347 γὰρ
1147 1264 1249 1326 ὧδε
1302 1267 1416 1345 ἔχει
1468 1269 1595 1345 περὶ
1645 1267 1853 1329 τούτων
1906 1267 1940 1330 ὅ

344 1356 618 1434 χρησμός·
1258 1394 1263 1401 ·

473 1460 654 1520 Φράζεο
685 1459 1061 1521 βαρβαρόφωνον
1094 1459 1211 1507 ὅταν
1244 1461 1387 1521 ζυγὸν
1419 1462 1483 1509 εἰς
1517 1462 1615 1509 ἅλα
1645 1463 1814 1523 βάλλῃ

473 1533 714 1593 βύβλινον,
757 1531 962 1593 Εὐβοΐης
996 1532 1198 1591 ἀπέχειν
1232 1534 1574 1591 πολυμηκάδας
1610 1536 1767 1593 αἶγας.

345 1614 596 1675 τούτοισι
617 1615 676 1673 δὲ
703 1615 858 1675 οὐδὲν
890 1619 1044 1675 τοῖσι
1080 1616 1241 1675 ἔπεσι
1267 1618 1679 1693 χρησαμένοισι
1705 1623 1761 1677 ἐν
1786 1619 1939 1677 τοῖσι

345 1702 472 1764 τότε
497 1703 776 1781 παρεοῦσί
794 1729 856 1763 τε
893 1704 986 1763 καὶ
1015 1702 1453 1781 προσδοκίμοισι
1487 1709 1725 1776 κακοῖσι,
1752 1707 1939 1781 παρῆν

347 1797 458 1867 σφι
484 1796 756 1870 συμφορῇ
781 1793 1033 1871 χρῆσθαι
1058 1791 1199 1868 πρὸς
1224 1791 1297 1850 τοὶ
1320 1793 1582 1872 μέγιστα.
1712 1850 1717 1856 ,

429 1883 502 1940 Οἱ
530 1882 634 1956 μὲν
665 1880 735 1955 δή
771 1883 948 1940 ταῦτα
985 1881 1289 1956 ἔπρησσον,
1316 1884 1503 1956 παρῆν
1538 1879 1597 1938 δὲ
1634 1879 1665 1940 ὅ
1698 1886 1757 1940 ἐκ
1794 1886 1933 1957 Τρη-
1954 1881 2025 1939 21

342 1971 497 2047 χῖνος
561 1967 935 2031 κατάσκοπος.
1020 1965 1090 2042 ἦν
1146 1969 1249 2044 μὲν
1301 1966 1409 2048 γὰρ
1470 1966 1552 2026 ἐπ’
1603 1967 1937 2046 Ἀρτεμισίῳ

345 2056 714 2126 κατάσκοπος,
755 2054 1002 2126 Πολύας,
1035 2056 1196 2136 γένος
1229 2055 1591 2132 Ἀντικυρεῧς,
1622 2060 1699 2135 τῷ
1731 2081 1937 2133 προσε-

341 2146 590 2214 τέτακτο,
637 2145 754 2225 (καὶ
795 2144 910 2222 εἶχε
941 2146 1145 2202 πλοῖον
1183 2148 1414 2220 κατῆρες
1450 2145 1711 2224 ἑτοῖμον,)
1744 2149 1791 2204 εἰ
1832 2171 1937 2203 πα-

345 2232 540 2308 λήσειε
576 2232 608 2290 ὁ
643 2230 894 2294 ναυτικὸς
925 2229 1183 2308 στρατός,
1220 2231 1511 2307 σημαίνειν
1534 2237 1687 2292 τοῖσι
1720 2238 1778 2293 ἐν
1803 2240 1937 2310 Θερ-

343 2319 639 2396 μοπύλῃσι
692 2323 866 2378 ἐοῦσι·
939 2317 1008 2380 ὥς
1060 2317 1106 2375 δ’
1150 2317 1323 2382 αὕτως
1374 2317 1445 2394 ἦν
1496 2319 1853 2400 Ἀβρῶνυχος
1904 2320 1936 2380 ὁ

345 2407 676 2475 Λυσικλέος,
720 2406 1033 2481 Ἀθηναῖος,
1089 2406 1181 2464 καὶ
1232 2407 1383 2483 παρὰ
1428 2409 1672 2486 Αεωνῶῃ
1722 2412 1939 2484 ἑτοῖμος

345 2497 498 2552 τοῖσι
537 2492 621 2552 ἐπ’
655 2491 990 2571 Ἀρτεμισίῳ
1032 2497 1189 2552 ἐοῦσι
1226 2492 1525 2574 ἀγγέλλειν
1558 2497 1937 2574 τριηκοντέρῳ,

345 2580 414 2656 ἥν
447 2607 502 2640 τι
535 2580 946 2658 καταλαμβάνῃ
981 2578 1244 2657 νεώτερον
1273 2581 1371 2641 τὸν
1406 2581 1591 2652 πεζόν.
1676 2579 1834 2644 οὗτος
1866 2581 1939 2642 ὧν

347 2668 379 2727 ὁ
403 2669 763 2748 Ἀβρῶνυχος
787 2666 1117 2746 ἀπικόμενός
1144 2675 1257 2744 σφι
1283 2668 1545 2745 ἐσήμαινε
1571 2669 1643 2728 τοὶ
1667 2668 1938 2748 γεγονότα

347 2758 474 2834 περὶ
518 2757 792 2816 Λεωνίδεα
835 2757 926 2816 καὶ
970 2756 1068 2816 τόν
1110 2756 1354 2832 στρατὸν
1402 2756 1588 2816 αὐτοῦ·
1673 2759 1727 2814 οἱ
1767 2755 1826 2814 δὲ
1869 2756 1939 2820 ὥς

348 2845 618 2906 ἐπύθοντο
658 2850 850 2914 ταῦτα,
883 2844 1064 2904 οὐκέτι
1104 2849 1160 2907 ἐς
1194 2843 1487 2920 α’,ναβολοὶς
1519 2847 1801 2904 ἐποιεῦντο
1836 2843 1941 2920 τήν

347 2931 728 3012 ἀποχώρησιν·
797 2933 1113 3009 ἐκομίζοντο
1147 2932 1205 2990 δὲ
1238 2931 1308 3005 ὥς
1340 2933 1567 2991 ἕκαστοι
1600 2931 1937 3010 ἐτάχθησαν,

349 3022 638 3097 Κορίνθιοι
662 3025 872 3096 πρῶτοι
898 3019 1135 3080 ὕστατοι
1161 3018 1220 3077 δὲ
1244 3018 1549 3094 Ἀθηναῖοι.
1630 3018 1938 3093 Ἀθηναίων
1956 3021 2035 3077 22

348 3108 408 3168 δὲ
453 3109 578 3172 νέας
610 3107 709 3172 τᾶς
751 3107 956 3184 ἄριστα
997 3104 1297 3169 πλωούσας
1340 3105 1731 3181 ἐπιλεξάμενος
1775 3113 1937 3182 Θεμι-

348 3198 624 3274 στοκλέης
650 3195 941 3274 ἐπορεύετο
967 3195 1095 3272 περὶ
1119 3193 1191 3252 τὰ
1215 3193 1428 3268 πότιμα
1452 3191 1641 3262 ὕδατα,
1665 3193 1941 3271 ἐντάμνων

349 3291 407 3346 ἐν
430 3291 584 3349 τοῖσι
617 3285 832 3346 λίθοισι
863 3282 1185 3364 γράμματα,
1211 3280 1285 3338 τοὶ
1306 3277 1492 3342 Ἴωνες
1518 3279 1845 3346 ἐπελθόντες
1869 3285 1943 3362 τῇ
