2259 3500
361 120 640 185 ποι-208]
963 120 1338 170 HOATMNIA.
1859 126 1955 173 205

359 199 792 278 Κλεομβρότου,
819 197 1004 280 (οὗτος
1020 199 1132 281 γὰρ
1152 198 1223 276 ἦν
1242 199 1509 263 νεώτατος
1523 200 1957 278 Ἀναξανδρίδεω

356 290 530 368 παῖς,)
557 289 650 348 καὶ
673 288 743 365 δή
766 290 860 347 καὶ
885 287 1002 366 εἶχε
1031 290 1383 366 Κλεομένεος
1410 289 1703 369 θυγατέρα·
1738 286 1800 351 ὃς
1822 286 1955 347 τότε

356 376 443 453 ἦῖε
489 383 545 442 ἐς
595 376 980 454 Θερμοπύλας,
1025 376 1422 453 ἐπιλεξάμενος
1474 376 1675 453 ἄνδρας
1720 402 1781 435 τε
1826 374 1955 438 τούς

357 470 734 528 κατεστεῶτας
757 464 1112 542 τριηκοσίους
1139 465 1231 523 καὶ
1256 468 1409 524 τοῖσι
1435 462 1739 544 ἐτύγχανον
1762 463 1955 527 παῖδες

357 553 554 618 ἐόντες·
593 552 946 631 παραλαβὼν
971 552 1033 612 δὲ
1057 550 1287 613 άπίκετο
1325 553 1417 611 καὶ
1448 552 1716 627 Θηβαίων
1740 550 1871 615 τοίς
1896 556 1951 613 ἐς

354 641 454 701 τόν
505 640 744 718 α’ριθμὸν
797 638 1177 720 λογισάμενος
1228 639 1401 709 εἶπον,
1456 642 1565 699 τῶν
1616 638 1951 719 ἐστρατήγεε

355 728 690 804 Λεοντιάδης
728 727 760 787 ὅ
797 726 1157 805 Εὐρυμάχου·
1208 726 1370 787 τοῦδε
1410 727 1470 785 δὲ
1511 727 1689 787 εἵνεκα
1718 727 1948 789 τούτους

356 816 611 891 σπουδὴν
637 814 942 891 ἐποιήσατο
968 814 1245 891 Λεωνίδης
1271 813 1507 891 μούνους
1524 814 1814 889 Ἑλλήνων
1846 840 1951 873 πο.-

353 906 650 981 ραλαβεῖν,
677 903 986 978 ὅτιοφέων
1019 902 1279 983 μεγάλως
1314 903 1659 983 κατηγόρητο
1684 902 1949 979 μηδίζειν·

353 991 664 1068 παρεκάλεε
704 990 780 1051 ὧν
819 996 875 1053 ἐς
913 990 1012 1050 τὸν
1055 989 1327 1066 πόλεμον,
1372 991 1549 1050 θέλων
1598 990 1795 1050 εἰδέναι
1842 990 1950 1049 εἴτε

354 1079 780 1157 συμπέμψουσι,
819 1079 928 1137 εἴτε
969 1078 1064 1137 καὶ
1097 1076 1399 1154 άπερέουσι
1436 1082 1495 1137 ἐκ
1532 1082 1633 1139 τοῦ
1671 1080 1947 1154 ἐμφανέος

352 1164 456 1241 τήν
506 1166 795 1243 Ἑλλήνων
845 1165 1193 1244 συμμαχίην·
1256 1168 1311 1225 οἱ
1362 1165 1421 1225 δὲ
1472 1164 1951 1243 ἀλλοφρονέοντες

353 1248 620 1330 ἔπεμπον.

433 1342 673 1405 Τούτους
703 1345 809 1419 μὲν
842 1340 974 1405 τοῦς
1008 1340 1161 1419 ἀμφὶ
1196 1344 1473 1419 Λεωνίδην
1499 1343 1749 1421 πρώτους
1774 1342 1903 1403 άπέ-
1924 1344 2041 1403 206

352 1438 582 1507 πεμψαν
622 1431 986 1507 Σπαρτιῆται,
1015 1430 1106 1489 ἵνα
1144 1430 1371 1493 τούτους
1411 1430 1643 1506 ὁρῶντες
1684 1434 1739 1490 οἱ
1775 1428 1959 1489 ἄλλοι

353 1515 646 1595 σύμμαχοι
681 1516 1106 1595 στρατεύωνται·
1154 1518 1296 1593 μηδὲ
1328 1518 1419 1576 καὶ
1452 1515 1603 1576 οὗτοι
1643 1518 1945 1594 μηδίσωσι,

352 1602 422 1679 ἦν
452 1602 648 1667 αὐτοῦς
681 1604 1060 1665 πυνθάνωνται
1093 1604 1645 1681 ὖπερβαλλομένους·
1698 1604 1839 1680 μετα
1870 1605 1947 1673 δὲ,

353 1691 600 1770 Κάρνεια
632 1691 744 1775 γάρ
781 1699 894 1771 σφι
929 1690 1003 1770 ἦν
1034 1690 1305 1770 ἐμποδων,
1340 1692 1581 1769 ἔμελλον
1606 1690 1947 1769 ὁρτάσαντες

353 1781 446 1839 καὶ
486 1781 743 1857 φυλακας
782 1781 1040 1844 λιπόντες
1081 1786 1141 1840 ἐν
1176 1785 1248 1859 τῇ
1290 1779 1543 1858 Σπάρτῃ,
1582 1806 1723 1839 κατα
1774 1780 1947 1857 τάχος

349 1869 613 1946 βοηθέειν
635 1869 930 1947 πανδημεί.
1013 1867 1083 1932 ὡς
1117 1869 1179 1928 δὲ
1214 1869 1307 1928 καὶ
1341 1895 1397 1929 οι
1430 1868 1623 1927 λοιποὶ
1656 1872 1767 1928 τῶν
1803 1893 1945 1943 συμ-

349 1956 545 2038 μάχων
585 1962 842 2019 ἐνενῶντο
879 1957 972 2017 καὶ
1009 1956 1167 2016 αὐτοὶ
1208 1957 1367 2034 ἔτερα
1401 1960 1631 2017 τοιαῦτα
1664 1955 1943 2032 ποιήσειν·

348 2043 418 2120 ἦν
441 2045 554 2128 γοῖρ
581 2046 724 2107 κατοὶ
747 2044 924 2108 τῶυτό
949 2044 1269 2122 Ὀλυμπιὰς
1302 2043 1553 2106 τούτοισι
1588 2049 1741 2106 τοῖσι
1765 2044 1943 2126 πρήγ-

349 2159 493 2210 μασι
544 2137 944 2210 συμπεσοῦσα·
1010 2131 1187 2193 οὔκων
1250 2133 1530 2196 δοκέοντες
1584 2133 1725 2196 κατὰ
1774 2133 1948 2213 τάχος

349 2221 491 2281 οὕτω
517 2221 980 2299 διακριθήσεσθαι
1015 2221 1114 2281 τὸν
1151 2227 1209 2281 ἐν
1245 2221 1651 2301 Θερμοπύλῃσι
1675 2221 1943 2298 πόλεμον,

351 2309 598 2385 ἔπεμπον
611 2309 739 2371 τούς
758 2307 1125 2387 προδρόμους.
1170 2307 1343 2368 Οὗτοι
1363 2312 1466 2385 μὲν
1486 2309 1553 2384 δὴ
1576 2309 1719 2368 οὕτω
1738 2310 1901 2369 διενε-
1918 2311 2035 2370 207

350 2399 520 2454 νῶντο
570 2395 850 2470 ποιήσειν·
897 2399 952 2454 οἱ
996 2395 1057 2453 δὲ
1103 2400 1162 2456 ἐν
1204 2395 1610 2474 Θερμοπύλῃσι
1646 2397 1945 2473 Ἕλληνες,

352 2481 538 2557 ἐπειδὴ
564 2483 744 2546 πέλας
769 2484 986 2563 ἐγένετο
1011 2487 1112 2558 τῆς
1138 2485 1393 2560 ἐσβολῆς
1412 2483 1445 2544 ό
1466 2486 1713 2561 Πέρσης,
1744 2511 1940 2562 καταρ-

349 2570 659 2645 ρωδέοντες,
685 2568 1056 2647 ἐβουλεύοντο
1093 2572 1224 2648 περὶ
1259 2570 1617 2653 ἀπαλλαγῆς·
1659 2576 1813 2631 τοῖσι
1841 2574 1945 2648 μέν

349 2682 445 2717 νυν
496 2656 731 2716 ἄλλοισι
783 2657 1303 2733 Πελοποννησιοισι
1354 2657 1555 2728 ἐδόκεε,
1604 2660 1837 2718 ἐλθοῦσι
1892 2664 1951 2723 ἐς,

349 2743 792 2821 Πελοπόννησον
815 2771 916 2806 τον
939 2744 1229 2822 ’leopos'
1202 2772 1346 2824 εχειν
1374 2751 1432 2804 ἐν
1457 2749 1705 2823 φυλακῇ·
1748 2747 1945 2804 Λεωνί-

349 2831 446 2907 δης
491 2832 568 2902 δὲ,
615 2833 844 2895 Φωκέων
891 2834 984 2892 καὶ
1025 2837 1259 2911 Λοκρῶν
1304 2832 1822 2911 περισπερχεόντων
1872 2837 1965 2910 τῇ·

346 2920 540 3000 γνώμῃ
579 2918 768 2999 ταύτῃ,
813 2919 987 2980 αὐτοῦ
1026 2945 1090 2979 τε
1127 2920 1313 2996 μένειν
1360 2921 1663 2999 ἐψηφίζετο
1703 2919 1947 2995 πέμπειν

347 3032 409 3066 τε
443 3007 718 3088 ἀγγέλους
749 3013 804 3072 ἐς
831 3005 934 3070 τοῖς
964 3006 1170 3069 πόλιας
1205 3006 1530 3080 κελεύοντάς
1566 3013 1679 3082 σφι
1715 3008 1946 3083 ἐπιβοη-

347 3095 508 3164 θέειν,
537 3094 609 3158 ιιῖς
635 3094 830 3156 ἐόντων
867 3093 1047 3154 αὐτῶν
1073 3092 1285 3173 ὀλίγων
1316 3092 1561 3170 στρατὸν
1595 3098 1709 3153 τῶν
1737 3093 1949 3162 Μήδων

346 3180 678 3253 ἀλέξασθαι.

343 3291 350 3298 ·
428 3275 618 3330 Ταῦτα
646 3272 1069 3349 βουλευομένων
1095 3268 1305 3344 σφέων,
1336 3274 1546 3344 ἔπεμπε
1576 3270 1785 3344 Ξέρξης
1812 3296 1904 3330 κα·
1924 3273 2041 3330 208
2153 3357 2211 3394 A
2250 3351 2255 3448 Ι
