2259 3500
335 106 420 150 184
952 100 1314 147 ‘HPOAOT‘OT
1773 97 1928 163 [να.

328 206 437 259 μου
461 186 659 242 τούτου
687 181 813 240 οὐδὲ
842 178 1291 257 προσδεκόμενον
1318 178 1489 239 κακὸν
1518 178 1673 238 οὐδὲν
1701 180 1930 240 πείσεσ-

330 272 438 339 θαι,
470 268 691 350 οἷγαγῶν
720 269 811 327 καὶ
838 266 1063 328 τούτους
1090 270 1145 326 ἐς
1171 265 1270 327 τοὶς
1303 264 1663 342 Συρηκούσας
1690 264 1931 327 α’,πέδοτο

330 356 413 416 ἐπ’
442 357 691 437 ἐξαγωγῇ
727 362 786 415 ἐκ
824 354 1095 430 Σικελίης.
1182 352 1356 413 τῶυτό
1395 353 1453 412 δὲ
1489 357 1655 413 τοῦτο
1696 354 1788 411 καὶ
1823 354 1930 414 Εὖ-

328 446 498 521 βοέας
526 444 654 507 τούς
688 449 745 502 ἐν
779 444 1005 521 Σικελίῃ
1034 445 1282 519 ἐποίησε,
1313 442 1607 518 διακρίνας·
1653 442 1831 501 ἐποίεε
1872 444 1930 501 δὲ

328 536 504 593 τᾶῦτα
529 532 757 595 τούτους
783 531 1152 608 οἷμφοτέρους,
1174 532 1408 606 νομίσας
1435 530 1613 605 δῆμον
1637 530 1774 588 εἶναι
1799 557 1940 589 συν·-

329 622 533 697 οίκημα
561 619 987 699 ἀχαριτώτατον.
1073 617 1301 695 τοιούτῳ
1326 618 1431 693 μὲν
1457 614 1644 695 τρόπῳ
1669 616 1928 691 τύραννος

331 708 579 789 ἐγεγόνεε
604 710 779 789 μέγας
808 706 837 767 ὁ
867 710 1071 766 Γέλων.

236 798 346 857 157
408 796 547 856 Τότε
580 797 654 866 δὲ,
685 797 754 859 ὥς
788 799 839 855 οἳ
878 794 1109 876 ἄγγελοι
1141 796 1252 855 τῶν
1281 794 1572 869 Ἑλλήνων
1605 795 1843 854 ἀπίκατο
1874 801 1927 859 ἐς

326 886 424 948 τοὶς
472 884 848 961 Συρηκούσας,
894 883 1149 946 ἐλθόντες
1197 881 1343 960 αὐτῷ
1384 886 1438 943 ἐς
1485 881 1690 961 λόγους
1734 883 1927 962 ἔλεγον

266 1028 273 1034 ,
324 972 472 1031 τάδε·
518 984 551 1007 “
569 974 822 1049 ἔπεμψαν
848 970 1021 1048 ἦμέας
1050 969 1474 1047 Λακεδαιμόνιοι
1510 970 1600 1027 καὶ
1638 973 1690 1028 οἱ
1721 968 1927 1029 τούτων

326 1059 634 1137 σύμμαχοι,
655 1060 1210 1137 παραλαμψομένους
1237 1084 1305 1117 σε
1325 1057 1466 1135 πρὸς
1489 1056 1589 1117 τᾶν
1606 1056 1924 1134 βάρβαρον·

325 1146 423 1204 τὸν
453 1146 563 1226 γάρ
602 1146 825 1205 ἐπιόντα
861 1147 949 1204 ἐπὶ
990 1148 1089 1222 τήν
1132 1145 1386 1204 Ἑλλάδα
1417 1144 1634 1209 πάντως
1667 1172 1763 1203 κου
1797 1172 1923 1205 πυν-

328 1232 534 1291 θάνεαι·
569 1232 655 1293 ὅτι
683 1235 914 1311 Πέρσης
942 1232 1079 1311 οἷνῆρ
1101 1236 1322 1311 μέλλει,
1346 1233 1535 1305 ζεύξας
1560 1232 1660 1293 τὸν
1678 1231 1924 1308 Ἑλλήω

324 1345 530 1380 ποντον
558 1322 648 1379 καὶ
685 1320 902 1402 ἐπάγων
935 1321 1116 1381 πάντα
1149 1322 1249 1397 τὸν
1279 1320 1422 1400 ἠῷον
1455 1321 1700 1398 στρατὸν
1733 1328 1792 1381 ἐκ
1827 1326 1926 1397 τῆς

324 1406 534 1483 Ἀσίης,
560 1409 1048 1486 στρατηλατήσειν
1076 1414 1167 1471 ἐπὶ
1191 1410 1296 1486 τήν
1321 1409 1588 1480 Ἑλλάδα,
1617 1407 1926 1494 πρόσχημα

322 1498 425 1573 μὲν
464 1497 787 1574 ποιεύμενος
829 1497 899 1561 ὦς
941 1497 1023 1557 ἐπ’
1058 1497 1299 1573 Ἀθήνας
1343 1495 1574 1567 ἐλαύνει,
1620 1502 1678 1557 ἐν
1720 1496 1826 1576 νόῳ
1867 1498 1926 1555 δὲ

322 1586 461 1664 ἔχων
487 1591 679 1646 πᾶσαν
699 1585 801 1661 τήν
824 1585 1079 1645 Ἑλλάδα
1098 1587 1190 1647 ’ὑπ’
1215 1588 1393 1664 ἑωυτῷ
1418 1584 1790 1661 ποιήσασθαι.
1849 1584 1924 1644 σι)

324 1674 381 1731 δὲ
426 1674 683 1752 δυνάμιός
728 1700 790 1733 τε
836 1676 986 1751 ἥκεις
1030 1675 1299 1758 μεγάλης,
1345 1674 1436 1733 καὶ
1481 1672 1652 1751 μοῖρά
1699 1700 1786 1734 τοι
1825 1679 1924 1749 τῆς

322 1762 596 1828 Ἑλλάδος
633 1763 732 1824 οὔκ
770 1767 1051 1842 ἐλαχίστη
1081 1766 1241 1841 μέτα,
1277 1763 1512 1842 ἄρχοντί
1541 1788 1607 1845 γε
1649 1763 1922 1839 Σικελίης·
1956 1777 1962 1785 “

319 1851 519 1927 βοήθει
545 1877 607 1912 τε
638 1855 791 1911 τοῖσι
819 1853 1175 1929 ἐλευθεροῦσι
1213 1851 1316 1927 τήν
1341 1849 1610 1920 Ἑλλάδα,
1645 1852 1735 1909 καὶ
1769 1877 1921 1910 συνε-

318 1939 603 2016 λευθέρου.
688 1938 829 2012 ἁλὴς
868 1941 970 2014 μὲν
1004 1939 1113 2018 γὰρ
1146 1940 1410 2019 γινομένη
1441 1943 1603 2002 πᾶσα
1645 1939 1683 2014 ἦ
1714 1938 1924 2003 Ἑλλάς

319 2027 442 2104 χεὶρ
495 2027 718 2107 μεγάλη
774 2024 1089 2106 συνάγεται,
1149 2027 1240 2084 καὶ
1303 2024 1601 2105 ἀξιόμαχοι
1654 2025 1923 2107 γινόμεθα

318 2117 469 2171 τοῖσι
504 2116 743 2172 ἐπιοῦσι·
787 2112 855 2188 ἢν
882 2113 941 2171 δὲ
971 2113 1155 2191 ἦμέων
1184 2117 1237 2172 οἱ
1267 2117 1370 2190 μὲν
1398 2114 1844 2191 καταπροδιδῶσι
1871 2118 1923 2172 οἱ

320 2200 379 2259 δὲ
404 2200 483 2276 μή
507 2202 717 2262 θέλωσι
750 2203 1042 2278 ἰμωρέειν,
1064 2203 1131 2262 τό
1163 2203 1220 2262 δὲ
1249 2202 1498 2281 ὑγιαῖνον
1522 2207 1624 2278 τῆς
1648 2201 1923 2264 Ἑλλάδος

316 2286 356 2366 ᾖ
382 2286 591 2368 ὀλίγον,
620 2293 787 2348 τοῦτο
816 2289 872 2348 δὲ
906 2289 1012 2366 ἤδη
1040 2288 1216 2350 δεινὸν
1243 2291 1452 2370 γίνεται
1479 2289 1558 2367 μὴ
1585 2291 1735 2368 πέσῃ
1761 2293 1922 2349 πᾶσα

316 2375 355 2450 ἦ
380 2374 605 2440 Ἑλλάς.
670 2379 749 2456 μὴ
774 2377 884 2459 γὰρ
907 2379 1159 2458 ἐλπίσῃς,
1183 2378 1251 2456 ἢν
1271 2379 1444 2457 ἡμέας
1471 2379 1922 2455 καταστρέψηται

316 2461 350 2520 ὁ
383 2463 612 2539 Πέρσης
646 2465 800 2543 μάχῃ
830 2467 1130 2542 κρατήσας,
1163 2467 1230 2529 ὦς
1260 2468 1382 2527 οὗκὶ
1407 2467 1526 2543 ἥξει
1556 2465 1708 2544 παρὰ
1740 2467 1812 2524 σε’
1833 2491 1920 2545 γε·

317 2548 471 2608 α’,λλοῖ
502 2550 613 2627 πρὸ
648 2551 845 2612 τούτου
881 2553 1152 2629 φύλαξαι·
1191 2555 1450 2630 βοηθέων
1484 2554 1594 2634 γάρ
1620 2553 1755 2629 ἡμῖν
1787 2579 1920 2612 σεω-

316 2643 423 2718 υτῷ
475 2640 772 2717 τιμωρέεις·
843 2645 919 2720 τῷ
974 2642 1031 2700 δὲ
1088 2641 1148 2700 εὖ
1205 2643 1572 2717 βουλευθέντι
1634 2639 1921 2718 πρήγματι

314 2727 545 2803 τελευτὴ
584 2727 655 2791 ὥς
693 2728 759 2788 τὰ
798 2730 1000 2789 ἐπίπαν
1035 2731 1260 2808 χρηστή
1301 2731 1479 2790 ἐθέλει
1521 2725 1920 2811 ἐπιγίνεσθαι.”

225 2815 337 2872 158
358 2819 429 2873 Οἱ
475 2817 579 2891 μὲν
623 2821 798 2877 ταῦτα
841 2817 1051 2897 ἔλεγον·
1096 2818 1288 2878 Γέλων
1329 2818 1388 2878 δὲ
1429 2815 1645 2880 πολλός
1687 2815 1919 2875 ἐνέκειτο

312 2903 491 2982 λέγων
547 2903 750 2964 τοιάδε·
824 2915 859 2941 “
875 2904 1064 2981 ἄνδρες
1118 2904 1415 2982 Ἕλληνες,
1473 2905 1649 2986 λόγον
1703 2905 1919 2982 ἔχοντες

314 2991 651 3068 πλεονέκτην
677 2991 1030 3069 ἐτολμήσατε
1063 2995 1162 3070 ἐμὲ
1193 2993 1495 3072 σύμμαχον
1531 2993 1620 3050 ἐπὶ
1651 2991 1750 3050 τόν
1773 2989 1918 3067 βάρ-

314 3077 495 3154 βαρον
514 3081 957 3157 παρακαλέοντες
984 3081 1188 3139 ἐλθεῖν·
1218 3080 1376 3140 αὐτοὶ
1397 3081 1472 3149 δὲ,
1497 3083 1626 3156 ἐμεῦ
1647 3078 1918 3154 πρότερον

316 3162 600 3238 δεηθέντος
645 3171 1004 3246 βαρβαρικοῦ
1054 3173 1300 3246 στρατοῦ
1351 3164 1782 3244 συνεπάψασθαι
1824 3164 1918 3223 ὅτε

320 3275 419 3324 μοι
455 3253 595 3329 πρὸς
640 3255 1057 3336 Καρχηδονίους
1104 3259 1280 3318 νεῖκος
1327 3258 1598 3330 συνῆπτο,
1641 3251 1914 3326 ἕπισκῆπ“
