2259 3500
315 89 409 140 302
921 83 1284 134 ‘HPOAomo‘r
1790 87 1916 154 [IX.

314 165 504 243 βαζος.
588 159 1092 243 μεταπεμψάμενος
1146 161 1219 222 ὦν
1267 165 1398 227 τοῦς
1435 167 1771 246 ταξιάρχους
1808 172 1921 230 τῶν

313 252 516 314 τελέων
557 253 649 311 καὶ
687 254 798 311 τῶν
836 249 954 328 μετ’
988 254 1189 311 ἑωυτοῦ
1232 250 1429 311 ἐόντων
1460 250 1751 328 Ἑλλήνων
1790 255 1923 321 τούς

317 339 680 421 στρατηγοῦς,
704 338 900 416 εἰρώτα
917 339 1039 399 εἴτι
1060 340 1247 398 εἰδεῖεν
1264 339 1461 420 λόγιον
1482 341 1610 418 περὶ
1632 345 1919 419 Περσέων,

319 427 392 490 ὥς
427 426 848 505 διαφθερέονται
891 432 948 486 ἐν
979 430 1051 505 τῇ
1084 427 1357 497 Ἑλλάδις
1402 427 1684 508 σιγώντων
1716 431 1776 489 δὲ
1806 436 1921 492 τῶν

318 515 643 592 ἐπικλήτων,
670 519 780 576 τῶν
805 519 908 593 μὲν
935 515 1034 574 οὐκ
1068 515 1289 593 εἰδότων
1320 515 1448 579 τοῦς
1472 518 1782 595 χρησμοῦς,
1809 523 1921 580 τῶν

317 603 378 662 δὲ
404 601 624 664 εἰδότων
649 607 829 680 μὲνέν
857 602 1010 682 ἀδείῃ
1047 603 1107 662 δὲ
1142 602 1206 662 οὖ
1242 605 1575 680 ποιευμένων
1608 605 1675 665 vd
1714 607 1919 686 λέγειν,

317 690 482 754 αὖτός
521 690 837 768 Μαρδόνιος
879 692 1055 772 ἔλεγε·
1100 702 1135 726 “
1154 692 1273 750 ἐπεὶ
1311 692 1496 752 τοίνυν
1536 691 1691 769 ὗμεῖς
1724 691 1761 769 ἢ
1795 695 1920 754 ἴστε

320 777 566 851 οὗδεν,
532 806 570 855 η
611 778 676 838 οὗ
715 782 967 855 τολμᾶτε
1008 780 1211 860 λέγειν,
1256 777 1386 838 ἀλλ’
1428 779 1535 860 ἐγω
1577 781 1708 858 ἐρέω
1751 780 1821 844 ὥς
1860 807 1917 841 εν

320 867 704 945 ἐπιστάμενος·
765 867 886 927 ἔστι
933 866 1129 946 λόγιον
1176 866 1248 930 ὦς
1298 865 1463 944 χρεόν
1517 871 1639 927 ἐστι
1686 869 1921 946 Πέρσας

277 1021 289 1036 ⁴
320 953 685 1031 ἀπικομένους
727 959 783 1018 ἐς
820 955 926 1030 τὴν
959 953 1230 1025 Ἑλλάδα,
1258 953 1565 1031 διαρπάσαι
1601 955 1667 1015 τό
1704 956 1823 1033 ἶρόν
1850 956 1919 1017 τό

320 1046 378 1102 ἐν
433 1045 735 1118 Δελφοῖσι,
779 1041 922 1118 μεταῖ
967 1041 1026 1100 δὲ
1078 1042 1185 1118 τήν
1237 1041 1549 1124 διαρπαγήν
1601 1042 1920 1105 ἀπολέσθαι

319 1129 548 1190 πάντας.
629 1128 792 1205 ἡμεῖς
816 1130 1014 1204 τοίνυν,
1043 1129 1177 1190 αὖτό
1206 1133 1371 1189 τοῦτο
1398 1129 1773 1207 ἐπιστάμενοι,
1796 1131 1920 1192 οὔτε

322 1217 444 1292 ἴμεν
460 1217 552 1276 ἐπὶ
575 1216 642 1276 τὸ
672 1216 790 1292 ῖρᾶν
803 1221 970 1276 τοῦτο
990 1217 1115 1276 οὔτε
1135 1215 1563 1295 ἐπιχειρήσομεν
1584 1218 1918 1296 διαρπάζειν·

317 1303 522 1380 ταύτης
545 1329 608 1363 τε
636 1303 815 1364 εἵνεκα
839 1308 941 1381 τῆς
968 1304 1145 1380 αἰτίης
1180 1303 1279 1364 οὐκ
1316 1304 1692 1381 ἀπολεόμεθα.
1777 1305 1920 1366 ὥστε

319 1390 508 1469 ὖμέων,
559 1389 689 1451 ὅσοι
739 1392 1083 1473 τυγχάνουσι
1148 1390 1326 1453 εὔνοοι
1393 1392 1571 1457 ἐόντες
1634 1394 1914 1472 Πέρσῃσι,

318 1479 523 1555 ἥδεσθε
563 1479 724 1539 τοῦδε
759 1481 954 1552 εἵνεκα,
994 1480 1064 1544 ὥς
1106 1481 1535 1558 περιεσομένους
1576 1479 1751 1557 ἡμέας
1790 1480 1919 1539 Ἐλ-

320 1565 552 1644 λήνων.”
623 1567 800 1628 ταῦτα
825 1575 938 1644 σφι
966 1569 1139 1638 εἴπας,
1167 1567 1442 1644 δευτερα’
1418 1567 1684 1644 εσήμαινε
1708 1593 1919 1646 παραρ-

319 1655 554 1716 τέεσθαί
585 1681 648 1715 τε
687 1656 872 1716 πάντα
914 1656 1006 1714 καὶ
1051 1654 1297 1732 εὐκρινέα
1336 1655 1643 1726 ποιέεσθαι,
1693 1682 1765 1719 ως
1804 1654 1920 1733 ἅμα

319 1743 498 1825 ἡμέρῃ
523 1746 596 1823 τῇ
623 1743 859 1824 ἐπιούσῃ
887 1745 1191 1853 συμβολῆς
1224 1742 1509 1819 ἐσομένης

225 1832 305 1891 43
402 1835 613 1891 Τοῦτον
641 1831 685 1889 δ’
714 1833 885 1913 ἔγωγε
910 1831 1009 1891 τὸν
1034 1830 1299 1909 χρησμὸν
1332 1830 1431 1889 τόν
1458 1830 1853 1907 Μαρδόνιος’
1800 1856 1919 1891 ειπε

322 1924 377 1983 ἐς
402 1919 688 1997 Πέρσας”
660 1944 820 1997 εχειν,
849 1923 903 1981 ἐς
927 1917 1237 1995 Ἰλλυριους
1260 1943 1323 1977 τε
1360 1917 1451 1977 καὶ
1485 1916 1585 1977 τόν
1608 1916 1921 1997 Ἐγχέλεων

321 2007 564 2085 στρατόν
619 2005 742 2066 οἶδα
793 2005 1183 2082 πεποιημένον,
1238 2004 1368 2063 ἀλλ’
1422 2031 1522 2064 ουκ
1570 2010 1625 2069 ἐς
1670 2006 1920 2081 Πέρσας.

321 2094 474 2153 ἀλλὰ
525 2092 598 2153 τοὶ
648 2094 751 2169 μὲν
795 2091 998 2151 Βάκιδί
1045 2096 1170 2151 ἐστι
1218 2097 1272 2156 ἐς
1322 2091 1527 2169 ταύτην
1579 2091 1681 2169 τήν
1732 2091 1922 2171 μάχην

320 2180 684 2257 πεποιημένα·

415 2309 506 2366 τὴν
539 2306 578 2355 δ’
610 2308 690 2355 ἐπὶ
723 2308 1025 2370 Θερμώδοντι
1060 2309 1141 2357 καὶ
1166 2308 1383 2369 Ἀσωπῷ
1413 2310 1649 2372 λεχεποίῃ

409 2380 656 2438 Ἑλλήνων
689 2381 895 2440 σύνοδον,
935 2382 1016 2436 καὶ
1047 2380 1428 2445 βαρβαρόφωνον
1460 2383 1615 2443 ΖὺὟήν·

415 2454 484 2513 τῇ
514 2453 692 2501 πολλοὶ
726 2454 982 2501 πεσέονται
1017 2454 1137 2515 ὑπὲρ
1168 2453 1384 2513 Λάχεσίν
1415 2471 1471 2500 τε
1502 2454 1647 2515 μόρον
1675 2472 1732 2502 τε

415 2524 689 2587 τοξοφόρων
721 2526 915 2586 Μήδων,
951 2526 1068 2573 ὅταν
1103 2526 1293 2584 αἴσιμον
1326 2525 1455 2586 ἦμαρ
1491 2525 1689 2585 ἐπέλθῃ.

318 2620 496 2678 ταῦτα
519 2619 624 2695 μὲν
651 2616 742 2675 καὶ
769 2616 1144 2693 παραπλήσια
1169 2616 1421 2676 τούτοισι
1448 2614 1603 2675 ἄλλα
1624 2618 1923 2677 Μουσαίου

320 2706 518 2783 ἔχοντα
564 2704 688 2765 οἶδα
731 2709 786 2767 ἐς
830 2704 1079 2781 Πέρσας·
1134 2702 1166 2762 o‘
1215 2703 1273 2762 δὲ
1320 2702 1625 2781 Θερμώδων
1666 2702 1921 2780 ποταμός

319 2793 431 2867 ῥέει
455 2791 662 2870 μεταξὺ
689 2790 978 2871 Τανάγρης
1001 2816 1062 2849 τε
1091 2790 1185 2849 καὶ
1213 2790 1543 2853 Γλίσαντος.

225 2879 304 2938 44
401 2878 564 2939 Μετοὶ
601 2879 661 2937 δὲ
693 2878 798 2954 τήν
834 2876 1195 2954 ἐπειρώτησιν
1228 2882 1339 2937 τῶν
1364 2881 1635 2956 χρησμῶν
1663 2876 1755 2935 καὶ
1782 2896 1922 2951 παρ-

321 2965 531 3025 αίνεσιν
569 2964 672 3041 τὴν
711 2969 771 3023 ἐκ
813 2964 1149 3039 Μαρδονίου,
1198 2962 1300 3033 νύξ
1348 2990 1411 3023 τε
1465 2965 1673 3045 ἐγίνετο
1723 2962 1815 3022 καὶ
1867 2966 1924 3025 ἐς

322 3052 580 3127 φυλακὰς
645 3050 973 3110 ἐτάσσοντο.
1056 3048 1129 3111 οἷς
1178 3050 1239 3108 δὲ
1298 3049 1495 3126 πρόσω
1560 3055 1661 3126 τῆς
1729 3047 1925 3111 νυκτός

319 3137 696 3215 προελήλατο,
733 3138 827 3196 καὶ
861 3135 1072 3215 ἡσυχίη
1111 3133 1295 3196 ἐδόκεε
1331 3135 1469 3196 εἶναι
1507 3135 1612 3196 α’νᾶ
1647 3136 1719 3196 τοὶ
1752 3161 1925 3213 στρα-

319 3224 529 3282 τόπεδα
581 3224 672 3283 καὶ
724 3223 980 3301 μάλιστα
1030 3224 1085 3280 οἱ
1136 3221 1419 3300 ἅνθρωποι
1466 3222 1603 3282 εἶναι
1659 3226 1719 3281 ἐν
1754 3221 1925 3299 ὕπνῳ,
1976 3302 1983 3309 .
