2259 3500
394 137 477 203 ιο]
1012 137 1384 187 ΠοΛΤΜΝῙΔ.
1885 143 1977 189 125

388 208 481 277 καὶ
526 216 997 295 σταθμώσασθαι,
1043 221 1090 277 εἷ
1130 217 1403 297 στρατιήν
1442 244 1510 300 γε
1549 219 1836 296 τοσαύτην
1876 220 1983 282 σύν

390 306 534 366 Δάτι
562 307 653 365 καὶ
677 305 1043 385 Ἀρταφέρνεῖ
1070 308 1351 367 ἐλθοῦσαν
1379 312 1434 371 ἐς
1459 307 1562 383 τὴν
1586 306 1846 385 Ἀττικήν
1871 308 1979 389 χῶ-

387 421 491 471 ρην
514 398 711 471 μοῦνοι
737 394 1023 470 Ἀθηναῖοι
1050 395 1388 472 διέφθειραν.
1459 394 1557 455 οὐκ
1587 396 1659 455 ὧν
1685 396 1979 477 ἀμφοτέρῃ

389 489 501 557 σφι
545 482 812 561 ἐχώρησε·
856 480 986 541 ἀλλ’
1028 481 1096 558 ἦν
1137 487 1274 561 τῇσι
1321 484 1487 559 νηυσὶ
1530 484 1848 560 ἐμβάλωσι,
1891 488 1985 546 καὶ

387 568 711 645 νικήσαντες
744 570 1024 651 ναυμαχίῃ
1063 571 1283 629 πλέωσι
1327 575 1383 633 ἐς
1421 571 1520 630 τᾶν
1554 570 1986 647 Ελλήοποντον

388 659 483 716 καὶ
508 659 696 719 ἔπειτα
722 656 944 717 λύσωσι
969 656 1075 733 τήν
1109 658 1378 740 γέφυραν,
1405 662 1572 718 τοῦτο
1606 658 1690 733 δη,
1717 656 1984 735 βασιλεῦ,

386 746 599 826 γίνεται
638 744 834 806 δεινόν.
918 745 1025 825 ἐγώ
1054 746 1113 805 δὲ
1143 745 1374 825 οὐδεμιῇ
1400 748 1582 825 σοφίῃ
1610 748 1788 825 οἰκηΐῃ
1823 746 1986 812 αύτός

387 836 564 892 ταῦτα
606 834 1039 911 συμβάλλομαι,
1080 833 1213 893 ἀλλ’
1247 832 1366 893 οἶόν
1407 860 1534 893 κοτε
1573 833 1746 911 ἡμέας
1786 834 1984 916 ὀλίγου

390 920 583 997 ἐδέησε
631 924 975 997 καταλαβεῖν
1023 922 1219 991 πάθος,
1268 919 1360 981 ὅτε
1413 920 1598 997 πατὴρ
1646 922 1750 985 σός
1797 922 1986 994 ζεύξας

390 1006 691 1087 Βόσπορον
742 1009 842 1069 τόν
890 1010 1168 1087 Θρηΐκιον,
1224 1008 1559 1090 γεφυρώσας
1618 1008 1676 1068 δὲ
1733 1010 1985 1087 ποταμὸν

380 1092 609 1173 Ἴστρον
652 1096 815 1173 διέβη
856 1096 946 1156 ἐπὶ
986 1097 1219 1168 Σκύθας,
1263 1095 1390 1157 τότε
1434 1100 1686 1157 παντοῖοι
1729 1098 1982 1178 ἐγένοντο

390 1183 599 1247 Σκύθαι
641 1184 889 1262 δεόμενοι
915 1183 1110 1245 Ἰώνων
1138 1188 1312 1244 λῦσαι
1339 1183 1437 1245 τόν
1461 1184 1654 1262 πόρον,
1683 1189 1834 1245 τοῖσι
1871 1190 1983 1246 ἐπι-

386 1272 663 1351 τέτραπτο
688 1273 724 1349 ἡ
754 1273 983 1349 φυλακὴ
1010 1278 1119 1333 τῶν
1145 1273 1430 1354 γεφυρέων
1468 1277 1569 1334 τοῦ
1599 1272 1848 1352 Ἴστρου·
1893 1276 1984 1334 καὶ

388 1358 515 1419 τότε
558 1386 624 1442 γε
658 1360 923 1425 Ἱστιαῖος
959 1360 990 1420 ὁ
1028 1359 1293 1436 Μιλήτου
1331 1360 1594 1439 τύραννος
1621 1366 1668 1421 εἷ
1708 1363 1982 1421 ἐπέσπετο

388 1452 498 1507 τῶν
524 1445 714 1509 ἄλλων
737 1448 1014 1527 τυράννων
1043 1451 1115 1527 τῇ
1141 1448 1350 1529 γνώμῃ,
1376 1449 1518 1525 μηδὲ
1555 1448 1812 1559 ἠντιώθη,
1841 1450 1981 1529 διέρ-

389 1561 573 1613 γαστο
605 1534 673 1595 ἂν
712 1563 781 1596 τα
810 1537 1077 1613 Περσεων
1118 1536 1439 1618 πρήγματα·
1485 1538 1662 1597 καίτοι
1699 1564 1790 1596 και
1830 1537 1980 1619 λογῳ

391 1621 629 1682 ἀκοῦσαι
670 1623 920 1694 δεινον,’
894 1622 979 1683 επ’
1006 1623 1169 1701 άνδρί
1189 1650 1256 1704 γε
1283 1624 1362 1683 ἐνὶ
1388 1624 1570 1683 πάντα
1603 1651 1675 1683 τα
1704 1626 1979 1701 βασιλέος

389 1710 693 1792 πρήγματα
730 1713 1086 1794 γεγενῆσθαι.
1171 1710 1247 1771 σι)
1273 1710 1348 1772 ὦν
1371 1736 1452 1790 μη
1479 1710 1754 1788 βούλευ’
1727 1738 1782 1776 ες
1809 1712 1979 1772 κίνδυ-

389 1825 486 1860 νον
525 1801 735 1877 μηδένα
772 1805 1026 1861 τοιοῦτον
1068 1799 1388 1870 απικέσθαι,
1428 1799 1700 1876 μηδεμιῆς
1739 1797 1981 1879 ἀνάγκης

390 1886 613 1964 ἐούσης·
656 1887 788 1948 ἀλλ’
831 1890 957 1965 ἐμοὶ
998 1889 1213 1948 πείθευ·
1255 1891 1354 1948 νῦν
1398 1889 1502 1964 μὲν
1548 1912 1648 1946 τον
1693 1885 1980 1968 σύλλογον

385 1974 543 2036 τόνδε
568 1976 855 2037 διάλυσον·
898 1975 1051 2040 αὖτις
1074 2001 1154 2048 τε,
1183 1975 1316 2038 ὅταν
1339 1999 1428 2036 τοι
1453 1975 1632 2054 δοκέῃ,
1660 1974 1978 2054 προσκεψά-

384 2089 549 2138 μενος
586 2065 677 2123 ἐπὶ
711 2066 973 2133 σεωυτοῦ,
1008 2062 1351 2145 προαγόρευε
1390 2061 1462 2122 τά
1497 2089 1584 2122 τοι
1625 2062 1800 2122 δοκέει
1841 2063 1978 2124 εἶναι

386 2149 617 2227 ἄριστα·
670 2150 736 2210 ra
782 2150 894 2233 γὰρ
942 2149 1001 2208 εὖ
1047 2151 1428 2226 βουλεύεσθαι
1475 2150 1664 2226 κέρδος
1707 2151 1978 2232 μέγιστον

387 2235 622 2314 εύρίσκω
654 2236 764 2297 ἐόν·
808 2241 857 2297 εἰ
888 2236 997 2318 γοὶρ
1040 2239 1131 2297 καὶ
1173 2239 1566 2312 ἐναντιωθῆναί
1599 2263 1654 2298 τι
1686 2238 1853 2308 θέλει,
1880 2240 1976 2314 βε-

384 2322 692 2397 βούλευται
720 2349 824 2400 μεν
866 2321 1097 2385 οὐδὲν
1060 2351 1248 2400 ησσον
1282 2351 1358 2395 ευ,
1389 2350 1631 2384 εσσωται
1659 2324 1776 2384 δὲ’
1744 2325 1854 2385 υπό
1879 2351 1980 2402 της

385 2409 556 2487 Τύχης
594 2437 660 2470 το
702 2410 1016 2487 βούλευμα·
1056 2411 1090 2473 ὅ
1129 2413 1189 2472 δὲ
1222 2410 1678 2488 βουλευσάμενος
1715 2417 1979 2491 αἰσχρῶς,

389 2497 439 2553 εἴ
472 2501 525 2554 οἱ
565 2523 601 2573 η
637 2497 781 2578 τύχη
824 2499 1136 2568 ἐπίσποιτο,
1180 2499 1392 2577 εὕρημα
1437 2499 1647 2576 εἴρηκε·
1689 2497 1879 2576 ἧσσον
1920 2499 1979 2559 δὲ

386 2582 543 2644 οὐδέν
579 2588 633 2643 οἱ
668 2589 844 2649 κακῶς
878 2585 1278 2663 βεβούλευται.
1362 2586 1495 2666 ὁρᾷς
1534 2587 1605 2646 τὰ
1636 2587 1982 2667 ὖπερέχοντα

385 2671 498 2740 ζῶα
534 2671 604 2735 ὥς
641 2679 895 2750 κεραυνοῖ
917 2674 949 2735 ὅ
978 2674 1102 2739 θεός
1141 2673 1266 2734 ούδὲ
1301 2678 1367 2754 ἐᾷ
1400 2675 1798 2750 φαντάζεσθαι,
1825 2675 1895 2734 τοὶ
1921 2674 1981 2734 δὲ

384 2759 597 2835 σμικρά
623 2759 779 2821 οὖδέν
802 2789 899 2840 μιν
928 2763 1127 2834 κνίζει;
1170 2761 1304 2842 δρᾷς
1329 2762 1389 2821 δὲ
1417 2760 1488 2824 ὥς
1516 2766 1570 2824 ἐς
1596 2760 1870 2837 οἰκήματα
1906 2761 1978 2822 ταῖ

380 2845 625 2925 μέγιστα
651 2849 757 2908 αἰεὶ
784 2849 875 2908 καὶ
900 2850 1123 2926 δένδρεα
1161 2848 1234 2909 vot
1263 2852 1493 2909 τοιαῦτα
1528 2847 1882 2923 ἀποσκήπτει
1907 2848 1978 2908 τοὶ

379 2934 596 3008 βέλεα;
648 2937 833 3011 φιλέει
876 2936 986 3018 γοῖρ
1030 2934 1064 2997 ὁ
1114 2936 1240 3000 θεὰς
1285 2936 1357 2998 τσῖ
1402 2936 1743 3014 ὑπερέχοντα
1788 2935 1974 2995 πάντα

382 3022 652 3082 κολούειν.
734 3023 875 3084 οὕτω
900 3024 969 3100 δή
998 3025 1089 3084 καὶ
1116 3023 1358 3102 στρατός
1397 3024 1615 3086 πολλὸς
1640 3023 1749 3082 ύπὸ
1777 3022 1976 3105 ὀλίγου

379 3107 759 3187 διαφθείρεται
784 3111 923 3170 κατὰ
946 3112 1175 3172 τοιόνδε·
1220 3110 1385 3171 ἐπεάν
1411 3117 1523 3185 σφι
1551 3110 1582 3169 ὅ
1610 3110 1734 3172 θεός
1761 3111 1969 3186 φθονή-

377 3222 487 3260 σας
524 3197 715 3275 φόβον
757 3196 1002 3276 ἐμβάλῃ,
1042 3197 1080 3274 ἢ
1120 3197 1386 3277 βροντήν,
1424 3195 1492 3254 δι’
1527 3195 1602 3256 ὧν
1643 3196 1975 3273 ἐφθάρησαν

375 3283 607 3356 ἀναξίως
651 3290 881 3345 ἑωυτῶν·
924 3284 989 3344 ού
1028 3285 1143 3364 γάρ
1187 3288 1254 3361 ἐᾷ
1296 3283 1551 3360 φρονέειν
1589 3285 1739 3360 μέγα
1779 3284 1811 3343 ὁ
1853 3284 1976 3348 θεὸς
