2259 3500
379 119 594 183 88—91]
999 115 1376 165 KAAAIOHH.
1877 119 1973 168 323

378 197 630 272 οἷληθέως
657 193 1028 274 ἐπειγόμενος,
1057 194 1149 252 καὶ
1174 193 1277 270 τὴν
1296 191 1607 274 μεσόγαιαν
1631 194 1851 272 τάμνων
1873 201 1976 272 τῆς

377 283 528 344 ὁδοῦ*
571 283 662 342 καὶ
699 283 1012 342 ἀπικνέεται
1056 285 1111 346 ἐς
1151 281 1469 356 Βυζάντιον,
1514 283 1835 343 καταλιπών
1874 289 1975 345 τοῦ

377 376 622 448 στρατοΐ
646 374 748 430 τοῦ
775 373 970 429 ἑαυτοῦ
997 369 1239 448 συχνούς
1259 368 1368 428 ὖπό
1388 369 1639 446 Θρηίκων
1656 395 1719 429 τε
1744 397 1966 432 κατακο-

374 460 576 522 πέντας
614 458 729 518 κατ’
757 457 902 531 ὁδὸν,
933 459 1026 516 καὶ
1061 462 1209 536 λιμῷ
1244 455 1561 520 συστάντας
1597 458 1689 516 καὶ
1726 459 1965 539 καμάτῳ·

377 551 436 606 ἐκ
477 547 780 618 Βυζαντίου
821 545 880 604 δὲ
921 545 1084 622 διέβη
1125 545 1399 604 πλοίοισι.
1482 543 1644 608 οὗτος
1687 548 1793 623 μὲν
1832 549 1972 608 οὕτω

373 633 727 710 ἀπενόστησε
754 639 810 696 ἐς
834 632 939 708 τήν
963 633 1183 708 Ἀσίην.

455 725 568 797 Τῆς
607 721 667 780 δὲ
707 719 876 796 αὐτῆς
914 720 1124 797 ἡμέρης
1163 724 1383 797 τῆσπερ
1432 725 1489 780 ἐν
1530 725 1858 801 Πλαταιῇσι
1902 751 1969 784 το
1952 724 2065 785 90

372 812 566 884 τρῶμα
593 809 825 888 ἐγένετο,
855 808 1198 916 συνεκύρησε
1232 809 1496 888 γενέσθαι
1522 809 1613 868 καὶ
1642 813 1699 868 ἐν
1725 811 1971 922 Μυκάλῃ

370 899 471 970 τῆς
510 895 736 971 Ἰωνίης.
819 897 938 954 ἐπεὶ
980 895 1088 975 γοὶρ
1131 894 1199 970 δή
1244 901 1301 954 ἐν
1332 899 1403 973 τῇ
1438 894 1611 975 Δήλω
1646 897 1879 958 κατέατο
1916 902 1970 958 οἶ

362 977 638 1058 Ἕλληνες
665 986 719 1042 οἶ
748 987 805 1043 ἐν
830 987 968 1060 τῇσι
999 983 1165 1058 νηυσὶ
1203 982 1319 1058 ἅμα
1346 985 1655 1062 Λευτυχίδῃ
1692 988 1769 1062 τῷ
1793 993 1969 1046 Λακε-

371 1069 631 1150 δαιμονίῳ
657 1071 1000 1148 α’πικόμενοι,
1027 1069 1208 1146 ἦλθόν
1235 1077 1347 1148 σφι
1372 1070 1607 1153 ἄγγελοι
1632 1071 1746 1132 α’,πὸ
1774 1073 1968 1151 Σάμου

367 1157 619 1236 Λάμπων
643 1185 704 1220 τε
731 1160 1092 1236 Θρασυκλέος
1119 1160 1212 1218 καὶ
1230 1159 1609 1240 Ἀθηναγόρης
1626 1159 1967 1239 Ἀρχεστρα-

365 1245 524 1305 τίδεω
555 1247 647 1305 καὶ
681 1245 1141 1328 Ἡγησίστρατος
1164 1245 1593 1328 Ἀρισταγόρεω,
1620 1251 1968 1326 πεμφθέντες

364 1331 475 1392 ὖπὸ
505 1335 728 1410 Σαμίων
765 1334 950 1411 λάθρη
986 1338 1096 1394 τῶν
1128 1360 1190 1392 τε
1229 1337 1495 1411 Περσέων
1528 1337 1619 1394 καὶ
1650 1341 1751 1396 τοῦ
1775 1337 1966 1414 τυράν-

366 1445 465 1480 νου
490 1421 884 1498 Θεομήστορος
917 1425 1019 1480 τοῦ
1056 1420 1548 1498 Ἀνδροδάμαντος,
1575 1423 1673 1482 τὸν
1699 1426 1965 1501 κατέστη-

366 1533 479 1566 σαν
525 1507 720 1585 Σάμου
771 1509 1039 1585 τύραννον
1095 1511 1148 1567 οἱ
1203 1509 1445 1585 Πέρσαι·
1516 1509 1859 1571 ἐπελθόντων
1906 1513 1969 1572 δέ

366 1601 560 1670 σφεων
601 1595 692 1654 ἐπὶ
730 1623 860 1660 τους
880 1622 1265 1708 Αστρατηγους,
1308 1597 1467 1677 ἔλεγε
1512 1596 1965 1678 Ἡγησίστρατος

363 1681 560 1742 πολλα
585 1683 678 1740 καὶ
702 1687 958 1744 παντοῖα·
1003 1711 1075 1748 ως
1100 1683 1171 1760 ἣν
1204 1687 1411 1762 μοῦνον
1437 1684 1657 1746 ἴδωνται
1680 1710 1883 1751 αυτους
1908 1714 1963 1748 οι

359 1761 540 1833 Ἴωνες
579 1770 1005 1847 άποστήσονται
1045 1772 1157 1833 ἀπὸ
1200 1774 1483 1850 Περσέων,
1510 1773 1602 1832 καὶ
1639 1799 1709 1837 ως
1740 1777 1795 1833 οἱ
1819 1774 1961 1853 βάρ-

361 1859 538 1935 βαροι
570 1858 670 1919 οὗκ
702 1858 1092 1937 ύπομενέουσι·
1135 1859 1204 1936 ἢν
1242 1861 1301 1920 δὲ
1340 1861 1431 1919 καὶ
1467 1859 1577 1939 ἄρα
1606 1860 1960 1937 ὖπομείνωσι,

363 1944 466 2005 οὐκ
497 1947 686 2025 ἑτέρην
723 1946 900 2029 ἄγρην
941 1947 1201 2025 τοιαύτην
1236 1948 1409 2025 εὖρεῖν
1444 1946 1512 2009 ἂν
1550 1948 1763 2011 αὐτούς·
1806 1950 1963 2015 θεούς

360 2059 423 2094 τε
465 2034 678 2098 κοινοῦς
717 2036 1052 2107 ἀνακαλέων,
1094 2037 1402 2115 προέτρεπε
1441 2036 1640 2099 αὐτοῦς
1676 2036 1961 2112 ῥύσασθαι

361 2120 560 2199 ἄνδρας
603 2123 892 2199 Ἕλληνας
935 2130 994 2184 ἐκ
1036 2124 1381 2201 δουλοσύνης
1419 2126 1512 2184 καὶ
1546 2126 1830 2203 ἀπαμῦναι
1862 2126 1963 2186 τὸν

359 2209 680 2285 βάρβαρον*
725 2210 946 2273 εὐπετές
972 2238 1034 2271 τε
1061 2212 1300 2282 αύτοῖσι,
1331 2216 1455 2291 ἔφη,
1483 2217 1657 2275 ταῦτα
1683 2214 1958 2295 γίνεσθαι·

359 2295 461 2358 τάς
485 2321 548 2355 τε
571 2295 682 2375 γσῖρ
710 2297 834 2359 νέας
861 2296 1041 2356 αὐτῶν
1069 2302 1245 2361 κακῶς
1270 2301 1461 2359 πλέειν
1487 2302 1578 2359 καὶ
1604 2300 1703 2361 οὐκ
1732 2300 1959 2378 ἀξιομά-

359 2406 496 2457 χους
536 2383 768 2441 κείνοισι
799 2382 956 2443 εἶναι·
997 2382 1161 2444 αύτοί
1190 2409 1267 2453 τε,
1307 2385 1357 2443 εἴ
1388 2411 1443 2445 τι
1473 2387 1849 2447 ὖποπτεύουσι
1875 2389 1958 2466 μή

361 2466 508 2548 δόλῳ
535 2468 733 2532 αὐτοῦς
766 2469 1084 2551 προάγοιεν,
1113 2474 1325 2547 ἑτοῖμοι
1356 2473 1495 2532 εἶναι
1529 2478 1589 2531 ἐν
1622 2479 1761 2551 τῇσι
1794 2477 1959 2551 νηυσὶ

359 2559 496 2633 τῇσι
523 2557 737 2617 ἐκείνων
761 2556 1026 2638 ἀγόμενοι
1051 2556 1253 2635 ὅμηροι
1286 2558 1441 2619 εἶναι.
1522 2559 1619 2623 Ὡς
1650 2562 1709 2619 δὲ
1740 2563 1957 2625 πολλὸς
1976 2564 2045 2621 91

358 2640 430 2717 ἦν
454 2644 797 2722 λισσόμενος
824 2644 856 2705 ὅ
883 2646 1056 2715 ξεῖνος
1081 2645 1113 2707 ὁ
1144 2644 1369 2723 Σάμιος,
1400 2648 1575 2724 εἴρετο
1601 2648 1955 2726 Λευτυχίδης,

361 2730 469 2790 εἴτε
495 2732 761 2812 κλῃδόνος
789 2734 988 2793 εἵνεκεν
1017 2734 1195 2794 θέλων
1226 2735 1521 2806 πυθέσθαι,
1551 2736 1659 2796 εἴτε
1694 2736 1785 2795 καὶ
1815 2736 1956 2797 κατι-ἱ

360 2823 660 2928 συντυχίην
688 2822 816 2881 θεοῦ
843 2825 1145 2886 ποιεῦντος·
1188 2834 1223 2859 “
1242 2822 1283 2882 ὧ
1310 2824 1451 2893 ξεῖνε
1472 2822 1665 2933 Σάμιε,
1692 2825 1755 2885 τί
1773 2849 1861 2883 τοι
1885 2824 1953 2885 τό

360 2931 601 2985 ουνομα·
587 2954 602 2977 ,
677 2909 708 2969 ὅ
745 2910 804 2969 δὲ
840 2909 977 2969 εἶπε·
1022 2921 1056 2946 “
1071 2910 1578 2993 ἨγησίστρατοςΡ
1618 2912 1649 2972 ὁ
1684 2914 1743 2971 δὲ
1782 2938 1951 2989 υπαρ-

357 2993 545 3061 πάσας
569 3023 668 3057 τον
695 2998 988 3058 ἐπίλοιπον
1013 2998 1204 3081 λόγον,
1236 3002 1287 3060 εἴ
1313 3026 1437 3060 τινα
1468 3001 1677 3079 ὅρμητο
1709 3000 1953 3081 λέγεινε
1921 3027 1953 3061 ο

353 3080 826 3188 ΞΗγησίστρατος,
889 3086 1028 3146 ειπε·
1097 3098 1132 3123 “
1151 3088 1379 3165 δέκομαι
1435 3114 1537 3149 τον
1589 3089 1795 3159 οἰωνόν,
1854 3086 1954 3148 τὸν

353 3167 828 3252 Ηγησίστρατον,
869 3202 914 3234 ω
953 3176 1096 3245 ξεῖνε
1136 3176 1331 3253 Σάμιε·
1400 3176 1475 3237 σι)
1516 3178 1576 3237 δὲ
1620 3177 1756 3255 ἡμῖν
1799 3176 1953 3236 ποίεε

353 3256 492 3324 ὅκως
517 3259 682 3326 αὐτός
716 3288 779 3323 τε
814 3262 942 3337 δούς
975 3264 1169 3325 πίστιν
1204 3262 1605 3339 ἀποπλεύσεαι,
1634 3266 1727 3326 καὶ
1766 3267 1821 3325 οἱ
1846 3264 1953 3341 σῦν
