2259 3500
289 138 387 185 266
905 132 1275 182 ‘HPvo'ro‘r
1710 128 1887 193 [vm.

291 213 564 293 στρατιήν
601 212 832 289 διέκρινε
879 213 971 271 καὶ
1015 212 1229 290 Ξέρξης
1266 210 1338 289 ἦν
1375 211 1505 289 περὶ
1544 210 1891 285 Θεσσαλίην,

291 301 636 382 χρηστήριον
677 300 946 377 ἐληλύθεε
993 305 1052 359 ἐκ
1097 304 1345 377 Δελφῶν
1386 300 1891 376 Λακεδαιμονίοισι,

294 392 505 468 Ξέρξεα
545 391 742 450 αἰτέειν
789 388 942 451 δίκας
987 392 1086 447 τοῦ
1130 389 1311 447 Λεωνί
1342 414 1408 446 εω
1452 387 1645 463 φόνου,
1690 389 1781 447 καὶ
1827 390 1894 449 τὸ

295 479 580 557 διδόμενον
607 480 668 548 ἐξ
693 482 900 538 ἐκεῖνον
937 476 1215 535 δέκεσθαι·
1256 476 1543 553 πέμπουσι
1580 476 1647 551 δὴ
1686 477 1896 553 κήρυκα

297 566 400 641 τήν
418 568 696 646 ταχίστην
715 568 1081 644 Σπαρτιῆται·
1105 564 1168 627 ὃς
1184 564 1371 640 ἐπειδὴ
1391 565 1674 640 κατέλαβε
1692 568 1897 625 ἐοῦσαν

297 656 378 716 ἔτι
404 660 597 717 πᾶσαν
621 655 726 731 τήν
752 654 1024 731 στρατιήν
1051 659 1110 713 ἐν
1136 654 1450 731 Θεσσαλίῃ,
1482 651 1660 712 ἐλθῶν
1686 657 1742 715 ἐς
1766 652 1898 732 ὄψιν

295 743 399 819 τήν
435 744 652 821 Ξέρξεω
689 745 846 823 ἔλεγε
881 742 1030 801 τάδε·
1075 751 1108 776 “
1127 740 1169 799 ὦ
1195 742 1444 817 βασιλεῦ
1470 740 1696 817 Μήδων,
1722 747 1895 800 Λακε-

298 831 578 909 δαιμόνιοί
612 833 677 892 τέ
716 856 786 890 σε
827 830 924 889 καὶ·
961 829 1327 906 Ἡρακλεῖδαι
1376 832 1429 887 οἶ
1476 828 1587 887 ἀπὸ
1638 827 1900 906 Σπάρτης

301 923 549 980 αἰτέουσι
581 920 762 996 φόνου
799 919 965 991 δίκας,
997 919 1083 978 ὅτι
1111 918 1305 994 σφέων
1340 916 1441 976 τᾶν
1475 917 1733 992 βασιλέα
1768 915 1897 975 ἀπέ-

301 1033 512 1071 κτεινας
538 1008 808 1085 ῥυόμενον
832 1006 936 1081 τήν
952 1005 1257 1064 Ἑλλάδα·”
1298 1004 1329 1063 ὁ
1358 1005 1416 1063 δὲ
1435 1002 1687 1085 γελάσας
1712 1029 1772 1063 τε
1810 1005 1901 1061 καὶ

303 1096 604 1173 κατασχών
623 1095 844 1155 πολλὰν
863 1093 1082 1174 χρόνον,
1114 1093 1187 1155 ὥς
1213 1096 1265 1151 οἱ
1292 1092 1561 1173 ἐτύγχανε
1586 1090 1903 1168 παρεστειός

303 1183 635 1258 Μαρδόνιος,
681 1180 887 1244 δεικνῦς
941 1184 994 1244 ἐς
1040 1185 1239 1240 τοῦτον
1289 1180 1426 1238 εἷπε·
1490 1188 1526 1213 “
1542 1172 1737 1258 τοιγάρ
1790 1186 1903 1254 σφι

302 1269 620 1347 Μαρδόνιος
661 1269 754 1329 ὅδε
794 1270 946 1331 δίκας
987 1268 1154 1327 δώσει
1189 1267 1447 1330 τοιαύτας
1486 1267 1606 1329 οἵας
1644 1268 1903 1327 ἐκείνοισι

301 1357 552 1434 πρέπει·”
593 1358 625 1418 ὁ
651 1361 755 1435 μὲν
775 1358 843 1432 δὴ
865 1356 1158 1433 δεξάμενος
1183 1356 1250 1415 vd
1274 1356 1443 1433 ῥηθὲν
1470 1352 1901 1415 ἀπαλλάσσετο·

212 1446 324 1505 115
344 1447 555 1523 Ξέρξης
569 1447 629 1506 δὲ
651 1445 970 1523 Μαρδόνιον
985 1452 1042 1505 ἐν
1059 1446 1359 1523 Θεσσαλίῃ
1381 1441 1715 1516 καταλιπών,
1742 1442 1905 1507 αὖτός

305 1534 598 1611 ἐπορεύετο
647 1534 788 1593 κατοῖ
842 1534 1016 1614 τάχος
1059 1539 1113 1597 ἐς
1159 1532 1258 1594 τᾶν
1299 1530 1751 1611 Ἑλλήσποντον·
1816 1533 1905 1590 καὶ

305 1619 620 1683 ἀπικνέεται
653 1629 708 1688 ἐς
740 1623 840 1685 τόν
872 1623 1048 1701 πόρον
1080 1625 1181 1698 τῆς
1214 1618 1513 1696 διαβάσιος
1541 1624 1599 1679 ἐν
1624 1623 1788 1679 πέντε
1815 1620 1905 1678 καὶ

303 1712 720 1790 τεσσεράκοντα
756 1712 1017 1792 ἡμέρῃσι,
1055 1710 1287 1792 ἀπάγων
1320 1712 1421 1785 τῆς
1458 1712 1725 1786 στρατιῆς
1752 1707 1907 1769 οὐδὲν

305 1801 488 1877 μέρος,
518 1801 590 1865 ὦς
617 1805 806 1861 εἰπεῖν.
889 1801 1020 1861 ὅκου
1049 1801 1107 1860 δὲ
1134 1799 1497 1876 πορευόμενοι
1523 1798 1788 1878 γινοίατο,
1817 1797 1907 1856 καὶ

309 1889 425 1948 κατ’
454 1889 713 1952 οὕστινας
745 1888 1083 1967 ἀνθρώπους,
1111 1887 1212 1947 τόν
1241 1886 1448 1945 τούτων
1487 1884 1699 1961 καρπὸν
1735 1884 1906 1962 ἀρπά-

309 1977 492 2047 ζοντες
528 1977 829 2038 ἐσιτέοντο·
873 1981 920 2036 εἰ
947 1977 1007 2034 δὲ
1034 1973 1251 2054 καρπόν
1281 1975 1490 2052 μηδένα
1518 1972 1743 2051 εὕροιεν,
1772 1976 1824 2031 οἶ
1851 1973 1909 2032 δὲ

306 2062 410 2138 τὴν
435 2066 602 2141 ποίην
627 2064 730 2140 τὴν
758 2069 818 2122 ἐκ
841 2068 943 2141 τῆς
966 2068 1072 2145 γῆς
1098 2062 1490 2138 ἀναφυομένην
1527 2061 1619 2119 καὶ
1652 2064 1764 2120 τῶν
1799 2060 1909 2120 δεν-

309 2149 479 2226 δρέων
503 2152 602 2212 τόν
629 2151 838 2227 φλοιὸν
867 2153 1277 2229 περιλέποντες,
1308 2150 1397 2209 καὶ
1424 2148 1494 2208 τοὶ
1523 2149 1721 2224 φύλλα
1748 2173 1912 2206 κατα-

310 2238 600 2313 δρέποντες
637 2238 958 2314 κατήσθιον,
989 2238 1192 2317 όμοίως
1218 2242 1329 2298 τῶν
1354 2263 1417 2298 τε
1442 2236 1659 2314 ἡμέρων
1686 2237 1779 2294 καὶ
1803 2239 1912 2297 τῶν

311 2323 534 2406 ἀγρίων·
593 2327 685 2384 καὶ
729 2327 951 2386 ἔλειπον
993 2325 1170 2387 οὐδέν·
1227 2331 1406 2385 ταῦτα
1448 2324 1494 2382 δ’
1540 2325 1761 2383 ἐποίευν
1802 2323 1911 2384 ὖπό

315 2416 506 2489 λιμοῦ·
563 2415 854 2491 ἐπιλαβών
907 2416 967 2474 δὲ
1021 2414 1220 2492 λοιμός
1271 2440 1333 2474 τε
1384 2412 1483 2473 τὸν
1531 2410 1777 2488 στρατόν
1824 2411 1915 2469 καὶ

312 2501 648 2580 δυσεντερίη,
681 2503 798 2563 κατ’
827 2503 958 2564 όδόν
996 2504 1292 2580 διέφθειρε·
1334 2500 1464 2563 τούς
1490 2500 1551 2558 δὲ
1577 2499 1668 2557 καὶ
1694 2499 1916 2558 νοσέον-

310 2614 411 2653 τας
453 2589 632 2650 ‹ad-nav
679 2592 960 2663 κατέλιπε,
1007 2590 1327 2651 ἐπιτάσσων
1376 2593 1513 2668 τῇσι
1564 2587 1783 2656 πόλισι,
1830 2585 1918 2644 ἵνα

315 2677 583 2739 ἑκάστοτε
602 2679 815 2761 γίνοιτο
837 2677 1092 2752 ἐλαύνων,
1116 2678 1461 2754 μελεδαίνειν
1480 2702 1543 2736 τε
1560 2675 1654 2734 καὶ
1671 2675 1917 2752 τρέφειν·

315 2769 374 2826 ἐν
409 2771 708 2844 Θεσσαλιῃ
735 2767 799 2826 τέ
821 2791 988 2836 τινας,
1019 2766 1110 2824 καὶ
1139 2771 1197 2826 ἐν
1225 2766 1350 2842 Σίρι
1375 2769 1475 2840 τῆς
1511 2764 1797 2838 Παιονίης,
1828 2760 1920 2819 καὶ

317 2857 376 2912 ἐν
402 2854 740 2931 Μακεδονίῃ·
777 2854 905 2913 ἔνθα
934 2854 1026 2912 καὶ
1049 2853 1116 2913 τό
1146 2853 1264 2931 ἱρόν
1292 2853 1443 2930 ἅρμα
1470 2851 1794 2912 καταλιπων
1819 2853 1921 2910 τοῦ

318 2940 472 3011 Διός,
506 2941 601 3001 ὅτε
637 2942 729 3000 ἐπὶ
759 2939 863 3016 τὴν
887 2940 1143 2999 Ἑλλάδα
1173 2939 1397 3016 ἤλαυνε,
1437 2939 1615 2999 ἀπιῶν
1656 2939 1754 2997 οὐκ
1792 2937 1924 2996 ἀπέ-

317 3029 489 3104 λαβε·
537 3027 692 3088 ἀλλά
725 3028 910 3091 δόντες
943 3031 996 3087 οἱ
1038 3029 1278 3090 Παίονες
1318 3032 1472 3088 τοῖσι
1512 3026 1725 3103 Θρήῖξι,
1762 3023 1922 3082 ἀπαι-

316 3116 539 3178 τέοντος
564 3116 797 3194 Ξέρξεω,
827 3117 1050 3191 ἔφασαν
1080 3114 1385 3192 νεμομένας
1421 3115 1781 3193 ἀρπαχθῆναι
1814 3107 1925 3170 ὖπό

318 3205 430 3262 τῶν
463 3202 575 3263 ἄνω
611 3204 864 3280 Θρηΐκων
890 3207 1002 3262 τῶν
1036 3203 1165 3280 περὶ
1188 3201 1290 3265 τοὶς
1314 3202 1500 3283 πηγὰς
1532 3204 1633 3261 τοῦ
1668 3197 1928 3276 Στρυμό-

229 3286 344 3346 116
363 3313 457 3350 νος
487 3292 805 3366 οἰκημένων.
877 3289 1059 3351 Ἔνθα
1086 3291 1180 3349 καὶ
1206 3290 1240 3350 ὁ
1264 3295 1373 3350 τῶν
1399 3289 1728 3350 Βισαλτέων
1756 3289 1929 3362 βασι-
