2259 3500
340 119 619 185 113—119]
1023 119 1396 169 ΠοΛτΜΜΑ.
1705 153 1712 161 .
1841 120 1938 167 165

340 200 434 259 καὶ
459 204 569 259 τῶν
594 201 723 275 περὶ
746 199 813 257 τό
840 195 1196 277 Πάγγαιον”’
1163 223 1293 273 ορος
1317 199 1606 257 οἰκεόντων
1625 196 1826 273 ὅμοίως
1845 197 1938 257 καὶ

322 291 450 347 ’τῶν
494 286 767 363 πρότερον
808 285 1093 358 κατέλεξα,
1136 311 1265 348 τους
1302 287 1406 361 μὲν
1445 284 1596 395 παρὰ
1638 284 1938 344 θάλασσαν

342 376 481 454 ἔχων
526 374 846 449 οἰκημένους
887 379 945 432 ἐν
988 374 1154 449 νηυσὶ
1203 373 1684 449 στρατευομένους,
1727 397 1855 435 τους
1891 372 1939 431 δ’

341 461 479 540 ὑπὲρ
509 461 809 537 θαλάσσης
838 462 1026 539 πεζῇ
1002 462 1318 536 επομένους·
1351 486 1456 535 την
1481 461 1541 519 δὲ
1567 459 1695 520 ὅδόν
1719 459 1938 536 ταύτην,

341 554 413 628 τῇ
446 548 728 626 βασιλεῦς
762 549 974 624 Ξέρξης
1006 548 1107 609 τᾶν
1143 548 1389 625 στρατόν
1418 547 1620 624 ἤλασε,
1648 546 1776 607 οὔτε
1807 574 1938 629 συγ-

340 639 541 716 χέουσι
567 637 803 714 Θρήϊκες
828 635 940 697 οὔτ’
964 637 1370 713 ἐπισπείρουσι,
1397 636 1674 712 σέβονταί
1694 662 1757 695 τε
1773 636 1941 717 μεγά-

342 729 455 789 λως
491 724 557 785 τὸ
598 726 767 803 μέχρι
804 728 951 801 ἐμεῦ.
1032 723 1130 786 Ὡς
1167 723 1226 783 δὲ
1255 723 1364 801 ἄρα
1404 729 1460 787 ἐς
1491 724 1596 800 τὴν
1623 723 2036 785 Ἀκανθον116

345 810 591 885 ἀπίκετο,
624 812 825 887 ξεινίην
852 836 911 871 τε
938 810 972 871 ό
1000 811 1234 890 Πέρσης
1257 816 1412 873 τοῖσι
1434 812 1782 873 Ἀκανθίοισι
1807 837 1942 887 προ-

347 897 468 953 εῖπε
505 894 595 951 καὶ
632 892 952 970 ἐδωρήσατό
989 900 1174 969 σφεας
1213 894 1413 969 ἐσθῆτι
1451 894 1696 971 Μηδικῇ,
1729 892 1944 951 ἐπαίνεέ

345 1008 407 1040 τε
441 980 609 1058 ὁρέων
640 978 841 1043 αὐτοῦς
876 980 1198 1057 προθύμους
1235 980 1424 1044 ἐόντας
1465 986 1520 1045 ἐς
1557 978 1659 1040 τὸν
1689 978 1940 1055 πόλεμον

348 1069 439 1127 καὶ
467 1070 532 1129 τό
562 1068 779 1150 ὄρυγμα
808 1068 1035 1129 ἀκούων.

426 1155 531 1225 Ἐν,
564 1155 815 1235 ’Λκάνθῳ
856 1156 916 1215 δὲ
964 1154 1151 1220 ἐόντος
1191 1156 1426 1233 Ξέρξεω,
1469 1154 1756 1231 συνήνεικε
1793 1154 1904 1216 ὖπό
1925 1158 1954 1215 l
1967 1155 2038 1217 17

348 1244 554 1305 νούσου
582 1244 882 1306 ἀποθανεῖν
917 1242 1017 1304 τὸν
1050 1248 1366 1304 ἐπεστεῶτα
1399 1248 1501 1319 τῆς
1532 1244 1795 1323 διώρυχος
1819 1242 1947 1321 Ἀρ-

347 1335 601 1412 ταχαίην,
630 1334 856 1409 δόκιμον
886 1332 1047 1393 ἐόντα
1073 1332 1227 1409 παρά
1255 1333 1436 1411 Ξέρξῃ
1449 1332 1549 1391 ’καὶ
1575 1334 1734 1412 γένος
1757 1332 1948 1411 Ἀχαι·-

348 1422 587 1496 μενίδην,
614 1420 847 1501 μεγάθεΐ
880 1445 942 1479 τε
974 1421 1250 1500 μέγιστον
1287 1419 1448 1479 ἐόντα
1485 1419 1946 1497 Περσέων--ἀπὸ

349 1506 460 1588 γάρ
512 1510 675 1567 πέντε
725 1509 947 1587 πηχέων
1006 1508 1329 1583 βασιληίων
1383 1506 1624 1566 ἀπέλιπε
1675 1509 1952 1584 τέσσερας

350 1594 1019 1671 δακτύλους-φωνέοντά
1051 1621 1112 1654 τε
1148 1595 1420 1676 μέγιστον
1446 1594 1763 1671 ἀνθρώπων·
1805 1594 1950 1654 ὥστε

352 1682 576 1760 Ξέρξεα,
612 1684 915 1762 συμφορὴν
956 1682 1338 1760 ποιησάμενον
1378 1682 1650 1764 μεγάλην,
1687 1682 1951 1753 ἐξενεῖκαί

349 1795 412 1830 τε
443 1771 611 1831 αὐτὸν
638 1771 921 1832 κάλλιστα
950 1774 1041 1830 καὶ
1075 1772 1272 1850 θάψαι·
1315 1770 1660 1849 ἐτυμβοχόεε
1697 1771 1756 1830 δὲ
1787 1775 1950 1830 πᾶσα

350 1858 389 1936 ἦ
415 1859 672 1938 στρατιή·
714 1861 889 1938 τούτῳ
916 1861 975 1919 δὲ
1006 1864 1083 1939 τῷ
1108 1859 1417 1938 Ἀρταχαίῃ
1445 1858 1644 1919 θύουσι
1668 1857 1954 1920 Ἀκάνθιοι

352 1953 412 2008 ἐκ
455 1950 792 2026 θεοπροπίου
834 1949 906 2012 ὥς
944 1948 1098 2024 ἥρωϊ,
1144 1947 1578 2024 ἐπονομάζοντες
1615 1947 1680 2008 τό
1723 1945 1944 2023 οὕνομα.

350 2036 628 2110 βασιλεῦς
665 2041 770 2115 μὲν
813 2037 881 2112 δή
926 2037 1154 2113 Ξέρξης,
1196 2035 1550 2112 ἀπολομένου
1589 2034 1947 2114 Ἀρταχαίεω,

352 2126 598 2184 ἐποιέετο
626 2124 951 2202 συμφορήν.

436 2216 511 2271 Οἱ
537 2213 596 2270 δὲ
622 2211 1019 2289 ὖποδεκόμενοι
1043 2212 1334 2288 Ἑλλήνων
1367 2210 1472 2287 τὴν
1504 2211 1776 2288 στρατιήν
1817 2211 1910 2270 καὶ
1934 2214 2048 2270 118

355 2299 719 2369 δειπνίζοντες
761 2300 973 2376 Ξέρξεα
1017 2304 1071 2363 ἐς
1114 2305 1228 2358 πᾶν
1271 2302 1442 2358 κακοῦ
1487 2297 1770 2371 ἀπικέατο,
1811 2298 1951 2358 οὕτω

357 2384 506 2445 ὥστε
548 2385 853 2446 ἀνάστατοι
896 2392 957 2446 ἐκ
998 2391 1108 2447 τῶν
1151 2388 1332 2446 οἰκίων
1377 2386 1641 2466 ἐγίνοντο·
1699 2385 1830 2445 ὅκου
1885 2413 1951 2467 γε

357 2474 627 2533 Θασίοισι
655 2473 791 2552 ὑπὲρ
819 2479 928 2535 τῶν
957 2480 1014 2534 ἐν
1040 2479 1111 2552 τῇ
1138 2475 1346 2552 ἠπείρῳ
1373 2473 1585 2532 πολίων
1609 2477 1719 2533 τῶν
1745 2475 1949 2549 σφετέ-

357 2586 469 2636 ρων
510 2561 859 2638 δεξαμένοισι
901 2561 1004 2638 τήν
1046 2563 1264 2639 Ξέρξεω
1308 2560 1578 2638 στρατιὴν
1622 2562 1712 2620 καὶ
1756 2561 1955 2622 δειπνί-

360 2673 505 2706 σασι
529 2646 893 2726 Ἀντίπατρος
914 2648 945 2708 ὁ
972 2648 1204 2729 Ὀργέος
1231 2647 1612 2726 ἀραιρημένος,
1630 2651 1741 2708 τῶν
1767 2649 1957 2709 ἀστῶν

361 2734 500 2813 ἀνὴρ
542 2735 765 2812 δόκιμος
806 2738 973 2815 ὁμοῖα
1013 2742 1088 2816 τιξι
1114 2736 1386 2813 μάλιστα,
1417 2736 1646 2806 ἀπέδεξε
1674 2741 1729 2798 ἐς
1753 2735 1819 2795 τὸ
1849 2737 1954 2795 δεῖ·

360 2848 501 2884 πνον
552 2824 889 2902 τετρακόσια
940 2825 1194 2885 τάλαντα
1247 2824 1510 2905 ἀργυρίου
1564 2825 1956 2899 τετελεσμένα.

358 2905 459 2973 ΔὩς
503 2910 561 2970 δὲ
604 2914 1010 2990 παραπλησίως
1048 2912 1141 2971 καὶ
1178 2917 1234 2972 ἐν
1285 2917 1422 2990 τῇσι
1457 2909 1676 2989 ἄλλῃσι
1711 2910 1914 2970 πόλισι
1937 2913 2050 2969 119

362 3002 417 3058 οῗ.
459 3004 790 3065 ἐπεστεῶτες
828 3001 1229 3062 ἀπεδείκνυσαν
1258 3000 1358 3062 τόν
1387 2999 1581 3080 λόγον·
1623 2998 1690 3059 τό
1716 2998 1826 3080 γὰρ
1854 2999 1957 3058 δεῖ-

361 3113 503 3148 πνον
533 3087 745 3149 τοιόνδε
773 3116 828 3149 τι
856 3091 1082 3171 ἐγίνετο,
1111 3090 1204 3149 οἶα
1229 3094 1290 3148 ἐκ
1316 3091 1538 3148 πολλοῦ
1578 3087 1782 3165 χρόνου
1823 3113 1958 3164 προ-

365 3179 652 3254 ειρημένον
696 3179 787 3238 καὶ
811 3179 957 3256 ,περὶ
994 3181 1218 3238 πολλοῦ
1253 3173 1598 3251 ποιεύμενον·
1638 3179 1804 3236 τοῦτο
1840 3178 1960 3252 μὲν,

365 3262 436 3326 ὦς
476 3265 745 3326 ἐπύθοντο
785 3266 1031 3342 τάχιστα
1066 3269 1177 3324 τῶν
1210 3263 1454 3339 κηρύκων
1486 3264 1597 3320 τῶν
1632 3267 1961 3344 περιαγγελ-
