2259 3500
367 135 582 201 64—67]
969 129 1375 180 wrmxopn.
1903 135 1967 180 29

365 244 508 287 σιος,
541 217 674 292 πρὶν
699 214 738 292 ἢ
762 213 972 290 Ἰωνίην
1007 238 1072 274 τε
1105 211 1425 288 α’,ποστῆναι
1456 211 1569 272 dm?
1606 210 1847 288 Δαρείου
1876 211 1969 270 καὶ

363 304 775 385 Ἀρισταγόρεα
797 302 898 362 τᾶν
931 300 1227 377 Μιλήσιον
1258 299 1595 376 ἀπικόμενον
1636 305 1691 362 ἐς
1728 298 1971 374 Ἀθήνας

364 397 580 472 χρῇσαι
605 393 798 467 σφέων
823 391 1100 467 βοηθέειν,
1128 393 1305 448 ταῦτα
1331 393 1523 464 πρῶτα
1563 387 1784 464 φράσω.

446 479 730 556 Αθῆναι’
705 484 900 538 εοΰσαι
931 478 1023 536 καὶ
1049 479 1182 554 πρὶν
1218 477 1480 558 μεγάλαι,
1505 475 1634 536 τότε
1670 475 1966 554 απαλλαχ-
1986 479 2061 536 66

366 569 552 629 θεῖσαι
582 567 860 645 τυράννων
897 568 1145 648 ἐγίνοντο
1181 565 1423 642 μέζονες·
1467 570 1525 624 ἐν
1551 564 1611 623 δὲ
1638 563 1843 644 αυτ-ᾖσι
1868 563 1969 624 δύο

364 655 556 734 ἄνδρες
619 655 999 725 ἐδυνάστευον,
1056 654 1407 730 Κλεισθένης
1464 679 1543 723 τε,
1606 652 1747 731 ανὴρ
1799 653 1967 714 Ἀλκ-

364 743 749 820 μαιωνίδης,
717 771 898 821 οσπερ
941 743 1008 818 δὴ
1060 742 1238 824 λόγον
1280 743 1393 820 ἔχει
1438 742 1542 818 τὴν
1582 743 1801 818 Πυθίην
1838 769 1965 802 ανα-

365 836 576 906 πεῖσαι,
643 833 734 891 καὶ
790 831 1090 913 Ἰσαγόρης
1154 830 1185 890 ὅ
1244 828 1572 907 Τισάνδρου,
1638 831 1809 905 οἰκίης
1863 834 1967 908 μὲν

368 919 470 980 ἐών
512 921 756 998 δοκίμου,
807 919 946 997 ἀτὰρ
1001 918 1072 978 τοὶ
1121 919 1385 980 ἀνέκαθεν
1432 918 1530 977 οὐκ
1574 919 1681 998 ἔχω
1727 917 1965 995 φράσαι·

368 1008 566 1068 θύουσι
600 1010 660 1068 δὲ
695 1013 748 1068 οἱ
789 1009 1085 1090 συγγενέες
1111 1007 1283 1067 αὐτοῦ
1322 1009 1419 1066 Διὶ·
1446 1009 1656 1088 Καρίῳ.
1740 1006 1893 1067 οὗτοι
1912 1011 1966 1067 οἶ

367 1094 558 1174 ἄνδρες
594 1099 948 1157 ἐστασίασαν
985 1097 1113 1172 περὶ
1146 1095 1424 1174 δυνάμιος·
1468 1095 1808 1172 ἑσσούμενος
1844 1095 1903 1155 δὲ
1934 1093 1966 1155 ὅ

369 1186 733 1261 Κλεισθένης,
764 1184 865 1244 τὸν
907 1185 1084 1260 δῆμον
1123 1185 1625 1262 προσεταιρίζεται.
1705 1183 1849 1261 μετὰ
1888 1184 1964 1255 δὲ,

366 1273 749 1349 τετραφύλους
777 1271 966 1336 ἐόντας
993 1272 1322 1347 Ἀθηναίους
1350 1272 1697 1347 δεκαφύλους
1718 1273 1965 1348 ἐποίησε,

366 1364 476 1420 τῶν
506 1360 694 1424 Ἴωνος
745 1361 972 1433 παίδων,
1030 1361 1331 1422 Γελέοντος
1372 1360 1465 1418 καὶ
1504 1359 1827 1440 Αἰγικόρεος
1872 1359 1966 1419 καὶ

367 1445 648 1528 Ἀργάδεω
680 1448 772 1507 καὶ
797 1449 1108 1525 ’Ὀπλητος,
1138 1447 1471 1518 ἀπαλλάξας
1510 1447 1609 1510 τὰς
1642 1449 1960 1525 ἐπωνυμίας,

373 1537 676 1613 ἐπιχωρίων
694 1536 739 1594 δ’
769 1539 964 1616 ἐτέρων
981 1536 1173 1613 ἡρώων
1195 1537 1503 1614 ἐπωνυμίας
1524 1536 1767 1612 ἐξευρών,
1788 1536 1969 1613 πάρεξ

373 1625 625 1686 Αἴαντος·
666 1628 864 1685 τοῦτον
891 1625 950 1682 δὲ
987 1624 1084 1684 ἅτε
1119 1624 1485 1707 ἀστυγείτονα
1522 1625 1613 1682 καὶ
1646 1625 1963 1704 σύμμαχον,

373 1711 552 1782 ξεῖνον
599 1711 759 1774 ε’όντα
799 1714 1129 1791 προσέθετο.
1213 1718 1403 1774 Ταῦτα
1450 1712 1525 1784 δὲ,
1575 1713 1780 1773 δοκέειν
1822 1713 1961 1789 ἐμοὶ,
1983 1714 2057 1776 67

373 1800 628 1877 ἐμιμέετο
664 1800 696 1860 ὁ
738 1802 1086 1877 Κλεισθένης
1127 1800 1287 1865 οὗτος
1316 1802 1415 1863 τὸν
1452 1804 1652 1860 ἑωυτοῦ
1680 1803 1967 1878 μητροπά-

372 1914 527 1966 τορα,
560 1890 910 1949 Κλεισθένεα
937 1887 1036 1949 τόν
1065 1891 1339 1954 Σικυῶνος
1364 1890 1647 1966 τύραννον·
1690 1890 1965 1949 Κλεισθέ-

373 2002 469 2052 νης
493 1977 603 2058 γοῖρ
629 1976 941 2057 Ἀργείοισι
965 1978 1316 2053 πολεμήσας,
1347 1982 1511 2037 τοῦτο
1552 1981 1654 2055 μὲν
1680 1977 1965 2057 ῥαψῳδούς

315 2089 332 2105 ν
372 2064 582 2125 ἔπαυσε
607 2064 668 2125 ἐν
695 2066 928 2129 Σικυῶνι
947 2064 1315 2145 ἀγωνίζεσθαι
1331 2070 1442 2126 τῶν
1465 2064 1773 2143 Ὁμηρείων
1796 2066 1969 2126 ε’πέων
2042 2124 2049 2131 ,

373 2152 566 2223 εἵνεκα,
594 2152 682 2213 ὅτι
716 2152 970 2233 Ἀργεῖοί
998 2179 1060 2212 τε
1099 2154 1191 2212 καὶ
1206 2151 1419 2235 Ἀργος
1452 2156 1523 2213 τοὶ
1557 2154 1751 2213 πολλὰ
1783 2154 1967 2214 πάντα

369 2240 654 2317 ὑμνέαται·
695 2244 866 2301 τοῦτο
893 2242 968 2311 δὲ,
1005 2240 1189 2320 ἡρῷον
1224 2241 1333 2321 γσῖρ
1362 2240 1433 2317 ἦν
1460 2238 1551 2301 καὶ
1584 2243 1705 2301 ἔστι
1742 2241 1801 2301 ἐν
1827 2242 1967 2321 αὐτῇ

368 2332 470 2434 Tfi-
481 2328 661 2409 οἷγορῇ
701 2331 810 2388 τῶν
853 2329 1159 2391 Σικυωνίων
1211 2328 1541 2437 Ἀδρήστου
1571 2330 1675 2387 τοῦ
1718 2334 1963 2399 Ταλαοῦ,

370 2419 570 2474 τοῦτον
621 2414 940 2491 ἐπεθύμησε
987 2417 1016 2477 ὁ
1061 2417 1428 2491 Κλεισθένης,
1480 2416 1643 2477 ἐόντα
1692 2416 1963 2507 Ἀργεῖον,

373 2504 694 2579 ἐκβαλεῖν’
669 2529 728 2561 εκ
754 2506 857 2576 τῆς
889 2504 1090 2581 χώρης·
1121 2504 1301 2565 ἐλθων
1328 2505 1439 2562 δὲ’
1415 2531 1469 2568 ες
1497 2504 1832 2581 Δελφους,’
1806 2532 1966 2585 εχρη-

372 2590 702 2667 στηριάζετο
723 2617 771 2651 ει
792 2593 1052 2670 ἐκβάλλῃ
1073 2618 1176 2653 τον
1186 2591 1538 2668 ”;Αδρηστον
1566 2618 1603 2669 η
1589 2592 1685 2653 δὲ
1706 2595 1891 2669 Πυθίη
1912 2597 1966 2653 οῖ

369 2682 486 2759 χρᾷ
513 2684 694 2755 φᾶσα,
711 2678 1034 2757 Ἄδρηστον
1058 2682 1163 2757 μὲν
1191 2680 1329 2741 εἶναι
1357 2682 1663 2746 Σικυωνίων
1693 2682 1963 2759 βασιλέα,

371 2770 578 2827 ἐκεῖνον
617 2768 678 2827 δὲ
717 2772 1024 2845 λευστῆρα.
1105 2768 1227 2828 ἐπεὶ
1266 2768 1327 2827 δὲ
1366 2768 1399 2827 ὁ
1441 2769 1565 2833 θεός
1602 2771 1770 2830 τοῦτό
1798 2795 1866 2851 γε
1902 2769 1969 2829 οὗ

370 2854 686 2931 παρεδίδου,
730 2855 992 2916 άπελθῶν
1033 2857 1217 2917 ὀπίσω
1258 2856 1546 2935 ἐφρόντιζε
1588 2857 1849 2937 μηχανὴν
1892 2860 1967 2937 τῇ

369 2940 544 3005 ‹uh-ds·
570 2943 602 3003 ὁ
617 2942 935 3021 Ἀδρηστος
957 2944 1363 3015 ἀπαλλάξεται·
1392 2946 1461 3009 ὥς
1480 2946 1543 3005 δέ
1560 2949 1615 3005 οἱ
1636 2946 1967 3021 ἐξευρῆσθαι

371 3030 572 3102 ἐδόκεε,
603 3034 828 3110 πέμψας
869 3038 923 3095 ἐς
963 3032 1163 3110 Θήβας
1197 3032 1301 3096 τοὶς
1333 3034 1599 3095 Βοιωτίας
1635 3032 1745 3107 ἔφη
1784 3033 1967 3093 θέλειν

372 3121 759 3202 ἐπαγαγέσθαι
797 3121 1175 3181 Μελάνιππον
1204 3122 1305 3182 τόν
1336 3120 1619 3181 Ἀστακοῦ
1626 3144 1639 3158 ·
1681 3122 1735 3177 οἱ
1760 3120 1819 3178 δὲ
1855 3126 1965 3195 Θη-

367 3211 532 3285 βαῖοι
574 3210 795 3278 ἔδοσαν·
852 3209 1271 3291 ἐπαγαγόμενος
1310 3210 1370 3268 δὲ
1408 3206 1440 3267 ὅ
1482 3205 1830 3283 Κλεισθένης
1867 3206 1967 3268 τᾶν

368 3298 762 3366 Μελάνιππον,
803 3296 1030 3373 τέμενός
1069 3301 1124 3357 οἱ
1162 3296 1393 3364 ἀπέδεξε
1432 3299 1492 3353 ἐν
1530 3292 1679 3366 αὐτῷ
1715 3298 1792 3369 τῷ
1830 3320 1965 3371 πρυ-
