2259 3500
338 126 558 189 ἰε-84]
1034 124 1262 174 Eum.
1881 122 1942 172 91
1985 168 1996 179 .

342 230 423 264 ειν
448 204 515 263 vd
531 203 765 284 Ἄργος,
790 201 1001 278 παρεόν
1034 202 1300 267 εὐπετέως
1338 228 1437 279 μιν
1477 205 1642 263 ἐλεῖν·
1684 200 1718 262 ὅ
1745 201 1809 261 δέ
1833 208 1946 278 σφι

341 291 514 361 ἔλεξε,
544 290 668 349 οὔτε
694 294 743 350 εἰ
769 289 1103 367 ψευδόμενος
1128 289 1256 351 οὔτε
1297 295 1344 349 εἶ
1383 290 1600 367 ἀληθέα
1623 291 1806 371 λέγων
1837 290 1946 367 ἐχω

342 379 641 455 σαφηνέως
682 378 850 437 εἶπαι·
893 378 1047 447 ἔλεξε
1088 378 1136 437 δ’
1165 376 1238 439 ὦν
1269 378 1517 455 φάμενος
1547 378 1669 437 ἐπεί
1695 404 1757 438 τε
1783 376 1853 453 δὴ
1878 375 1946 437 vd

378 471 443 527 οὓ
473 465 689 547 Ἄργου
731 464 853 545 ἱρόν
892 464 1025 535 εἷλε,
1069 466 1278 526 δοκέειν
1321 469 1374 525 οἱ
1417 466 1808 541 ἐξεληλυθέναι
1846 463 1947 525 τόν

341 554 607 633 χρησμόν
645 557 745 614 τοῦ
788 554 937 613 θεοῦ·
978 552 1119 631 πρός
1149 552 1223 615 ὧν
1248 556 1422 613 ταῦτα
1449 553 1514 613 οὗ
1547 553 1790 613 δικαιοῦν
1829 577 1947 612 πει-

340 646 448 719 ρᾶν
486 645 589 718 τῆς
629 641 845 713 πόλιος,
891 641 1023 718 πρίν
1066 667 1136 723 γε
1182 640 1250 717 δὴ
1302 644 1476 753 ἷροΐσι
1512 642 1810 720 χρήσηται,
1851 642 1944 700 καὶ

342 729 497 808 μάθῃ
526 731 635 790 εἴτε
664 732 717 788 οἱ
742 728 775 789 ὁ
801 728 926 793 θεός
966 728 1263 807 παραδιδοῖ
1287 730 1396 789 εἴτε
1423 756 1478 789 οι
1505 729 1812 806 ἐμποδων”
1785 754 1946 805 εστη-

346 842 427 875 κε·
471 817 911 897 καλλιερευμένω
948 817 1060 876 δὲ’
1034 842 1092 877 εν
1118 820 1196 895 τῷ
1217 816 1486 896 Ἦραίω’
1459 843 1520 876 εκ
1550 820 1650 875 τοῦ
1691 814 1945 896 ἀγάλμα-

343 930 443 967 τος
466 909 577 965 τῶν
601 905 853 981 στηθεων
880 904 1077 985 φλόγα
1101 904 1276 979 πυρός
1310 902 1615 982 ἐκλάμψαι·
1655 904 1854 981 μαθεῖν
1887 903 1946 962 δὲ

347 990 513 1055 αὗτος
539 992 679 1053 οὕτω
702 992 808 1069 τήν
833 994 1142 1071 ατρεκηιην,
1171 992 1258 1053 ὅτι
1285 991 1385 1052 οὐκ
1417 994 1586 1070 αἱρέει
1615 992 1682 1052 τό
1712 991 1943 1072 ”·Αργος

346 1083 396 1139 εἰ
445 1082 549 1158 μὲν
589 1080 701 1162 γὰρ
756 1085 817 1140 ἐκ
866 1085 967 1157 τῆς
1020 1083 1275 1157 κεφαλῆς
1313 1085 1414 1141 τοῦ
1453 1080 1781 1163 ἀγάλματος
1834 1080 1946 1149 ἐξέ-

346 1172 554 1248 λαμψε,
584 1170 785 1246 αἱρέειν
825 1167 894 1230 ἂν
934 1168 1051 1230 κατ’
1077 1167 1248 1247 ἄκρης
1286 1169 1392 1245 τὴν
1430 1169 1618 1231 πόλιν·
1661 1174 1723 1229 ἐκ
1747 1172 1858 1229 τῶν
1886 1168 1945 1227 δὲ

347 1258 596 1332 στηθέων
620 1256 967 1336 λάμψαντος,
994 1262 1107 1318 πᾶν
1135 1262 1189 1318 οἱ
1214 1258 1558 1334 πεποιῆσθαι
1593 1258 1733 1319 ὅσον
1757 1256 1790 1317 ὁ
1820 1257 1947 1321 θεὸς

348 1344 619 1420 ἐβούλετο
659 1346 941 1425 γενέσθαι.
1023 1350 1199 1407 ταῦτα
1225 1347 1286 1407 δὲ
1312 1346 1507 1427 λέγων,
1536 1344 1714 1405 πιστά
1751 1370 1814 1406 τε
1852 1344 1946 1404 καὶ

310 1479 333 1495 .
348 1433 549 1492 οἰκότα
596 1431 779 1497 ἐδόκεε
833 1433 1223 1512 Σπαρτιήτῃσι
1280 1436 1482 1515 λέγειν,
1537 1434 1628 1493 καὶ
1686 1432 1944 1515 ἀπέφυγε

347 1520 569 1581 πολλὸν
609 1546 737 1583 τους
777 1520 1091 1583 διώκοντας.

418 1606 629 1689 Ἀργος
666 1608 725 1667 δὲ
761 1606 972 1684 ἀνδρῶν
1014 1606 1269 1685 ἐχηρώθη
1310 1606 1468 1677 οὕτω,
1497 1606 1642 1665 ὥστε
1669 1610 1722 1665 οἱ
1749 1606 1942 1671 δοῦλοι
1959 1608 2037 1667 83

348 1693 527 1756 αὐτῶν
568 1697 739 1776 ἔσχον
776 1693 959 1755 πάντα
999 1720 1071 1756 τα
1114 1684 1422 1776 πρήγματα
1455 1692 1720 1773 αρχοντές
1753 1718 1815 1753 τε
1853 1694 1944 1753 καὶ

348 1783 689 1854 διέποντες,’
663 1811 717 1848 ες
744 1812 775 1845 ο
804 1783 1107 1860 ἐπήβησαν
1135 1787 1188 1843 οἱ
1211 1788 1322 1844 τῶν
1348 1782 1709 1859 ἀπολομένων
1735 1781 1940 1844 παῖδες

348 1871 535 1932 ἔπειτά
566 1879 749 1948 σφεας
784 1871 939 1933 οὗτοι
982 1871 1355 1948 ἀνακτώμενοι
1399 1870 1582 1931 ὀπίσω
1617 1875 1672 1935 ἐς
1713 1869 1945 1934 ἐωυτούς

346 1959 413 2019 vd
430 1958 641 2041 Ἀργος
668 1961 963 2038 ἐξέβαλον·
1006 1956 1366 2037 ἐξωθεύμενοι
1392 1959 1452 2018 δὲ
1479 1961 1534 2019 οἱ
1559 1959 1758 2019 δοῦλοι
1789 1958 1947 2038 μάχῃ

348 2048 520 2126 ἔσχον
543 2048 801 2125 Τίρυνθα.
881 2049 1016 2112 τέως
1039 2050 1143 2125 μὲν
1169 2047 1240 2124 δή
1263 2054 1376 2124 σφι
1402 2047 1472 2123 ἦν
1504 2046 1716 2126 ἄρθμια
1755 2051 1812 2110 ἐς
1845 2045 1946 2106 οἷλ-

346 2135 577 2211 λήλους·
622 2136 809 2198 ἔπειτα
834 2136 894 2196 δὲ
919 2141 977 2200 ἐς
1000 2137 1129 2200 τοῦς
1155 2135 1388 2199 δούλους
1409 2135 1553 2211 ἦλθε
1579 2135 1719 2214 ἀνὴρ
1752 2135 1948 2212 μάντις

348 2222 688 2298 Κλέανδρος,
704 2225 862 2304 γένος
891 2223 993 2284 ἐῶν
1008 2223 1288 2306 Φιγαλεῠς
1312 2223 1407 2284 ἀπ’
1434 2223 1742 2301 Ἀρκαδίης·
1787 2221 1948 2286 οὗτος

347 2307 477 2370 τούς
511 2309 742 2372 δούλους
777 2311 1053 2390 ἀνέγνωσε
1090 2312 1384 2372 ἐπιθέσθαι
1420 2315 1572 2371 τοῖσι
1609 2311 1942 2390 δεσπότῃσι·

351 2400 413 2453 ἐκ
437 2394 639 2454 τούτου
664 2395 721 2454 δὲ
747 2396 995 2472 πόλεμός
1020 2399 1200 2475 σφι’
1163 2425 1234 2476 ην
1271 2400 1362 2458 ἐπὶ
1396 2397 1600 2477 χρόνον
1634 2399 1860 2478 συχνὸν,
1891 2405 1946 2463 ἐς

349 2511 381 2543 ο
424 2481 493 2557 δή
533 2481 698 2564 μόγις
737 2487 789 2542 οἶ
829 2482 1071 2566 Ἀργεῖοι
1113 2486 1516 2564 ἐπεκράτησαν.

430 2567 675 2651 Ἀργεῖοι
708 2572 812 2649 μέν
846 2598 943 2633 νυν
976 2573 1068 2633 διοὶ
1097 2578 1275 2635 ταῦτα.
1301 2574 1626 2650 Κλεομένεα
1653 2581 1800 2650 φασι
1835 2601 1940 2652 μα·
1959 2577 2039 2634 84

347 2659 510 2718 νέντα
541 2656 859 2721 ἀπολέσθαι
894 2665 1088 2726 κακῶς·
1131 2661 1290 2721 αυτοὶ
1325 2662 1384 2720 δὲ
1411 2663 1764 2738 Σπαρτιῆταί
1794 2669 1944 2739 φασι

346 2751 407 2805 ἐκ
447 2746 731 2824 δαιμονίου
770 2752 874 2826 μὲν
906 2748 1124 2812 οὐδενὸς
1159 2753 1400 2826 μανῆναι
1433 2751 1773 2827 Κλεομένεα,
1805 2749 1944 2814 Σκύ-

344 2835 481 2913 θῃσι
514 2835 575 2894 δὲ
606 2835 963 2912 ὁμιλήσαντά
996 2861 1095 2913 μιν
1130 2835 1518 2914 ἀκρητοπότην
1553 2837 1816 2918 γενέσθαι
1853 2837 1944 2894 καὶ

344 2927 404 2980 ἐκ
437 2921 639 2982 τούτου
673 2928 933 3001 μανῆναι·
978 2923 1198 2988 Σκύθας
1232 2924 1343 3005 γάρ
1374 2925 1504 2988 τούς
1535 2924 1792 3001 νομάδας,
1821 2925 1949 2983 ἐπεί

345 3009 407 3067 τέ
430 3015 544 3085 σφι
571 3015 811 3088 Δαρεῖον
838 3013 1115 3087 ἐσβαλεῖν
1143 3017 1197 3074 ἐς
1221 3011 1327 3086 τήν
1352 3011 1556 3090 χώρην,
1581 3011 1724 3085 μετ-οὶ
1763 3014 1940 3071 ταῦτα

344 3097 639 3172 μεμονέναι
672 3123 771 3174 μιν
804 3099 1096 3158 τίσασθαι·
1128 3099 1456 3176 πέμψαντας
1487 3100 1546 3156 δὲ
1575 3103 1628 3160 ἐς
1656 3098 1938 3173 Σπάρτην,

344 3185 673 3262 συμμαχίην
705 3209 769 3243 τε
808 3185 1101 3245 ποιέεσθαι
1142 3185 1236 3242 καὶ
1277 3184 1640 3243 συντίθεσθαι
1681 3184 1750 3247 ὥς
1774 3183 1943 3262 χρεόν

342 3270 427 3345 εἴη
466 3267 667 3332 αὖτοὺς
704 3273 809 3347 μὲν
846 3270 977 3332 τούς
1012 3270 1232 3336 Σκύθας
1269 3269 1424 3362 παραὶ
1463 3271 1648 3328 Φᾶσιν
1689 3269 1942 3347 ποταμόν
