2259 3500
272 103 303 148 4
877 97 1247 146 ἮΡοΔοΤοί·
1778 97 1873 164 [v.

269 182 374 257 μέν
405 205 502 240 νυν
524 179 628 254 τῆς
650 179 836 258 χῶρης
857 177 1062 254 ταύτης
1084 177 1215 254 πέρι
1239 176 1485 258 λέγεται·
1524 177 1598 238 τοὶ
1622 181 1875 257 παραθα-

273 266 496 327 λάσσια
535 267 582 327 δ’
623 265 697 328 ὧν
735 265 906 343 αὐτῆς
943 264 1289 347 Μεγάβαζος
1322 265 1589 343 Περσέων
1628 265 1876 344 κατήκοα

273 356 474 415 ἐποίεε.

179 445 249 503 11
355 447 593 521 Δαρεῖος
617 444 694 513 δὲ,
721 442 792 507 οἷς
819 441 1022 519 διαβάς
1046 441 1293 524 τάχιστα
1318 442 1418 503 τᾶν
1440 440 1877 518 Ἑλλήσποντον

273 531 503 592 α’πίκετο
534 537 590 595 ἐς
627 531 845 609 Σάρδις,
879 530 1132 608 ἐμνήσθη
1168 536 1269 608 τῆς
1300 531 1363 600 ἐξ
1390 529 1661 591 Ἱστιαίου
1685 557 1749 590 τε
1773 537 1877 593 τοῦ

271 620 566 696 Μιλησίου
593 618 924 701 εὐεργεσίης,
953 619 1046 678 καὶ
1068 623 1171 695 τῆς
1188 618 1548 695 παραινέσιος
1570 623 1672 678 τοῦ
1699 625 1877 680 Μυτι-

271 709 506 784 ληναίου
526 707 716 768 Κώεω·
752 707 1256 788 μεταπεμψάμενος
1281 707 1344 766 δέ
1368 712 1553 783 σφεας
1578 711 1632 770 ἐς
1655 706 1875 785 Σάρδις,

271 796 451 856 ἐδίδου
497 795 721 856 αὐτοῖσι
765 797 1002 873 αἵρεσιν.
1083 795 1116 855 ὅ
1158 797 1263 871 μὲν
1316 793 1386 870 δὴ
1438 792 1721 865 Ἱστιαῖος,
1777 795 1876 857 ἅτε

267 883 610 961 τυραννεύων
651 887 754 962 τῆς
795 883 1060 960 Μιλήτου
1101 883 1422 960 τυραννίδος
1466 884 1571 959 μὲν
1618 881 1875 960 οὐδεμιῆς

268 972 642 1052 προσέχρῃζε·
686 972 857 1032 αἰτέει
888 971 948 1030 δὲ
981 969 1388 1048 Μύρκινοντήν
1416 969 1709 1041 Ἠδωνίδα,
1737 973 1873 1048 βου-

269 1059 510 1137 λόμενος
535 1065 594 1119 ἐν
609 1058 750 1138 αὕτη
775 1058 946 1119 πόλιν
971 1059 1181 1119 κτίσαι.
1209 1052 1222 1058 ’
1266 1055 1425 1122 οὗτος
1449 1060 1553 1134 μὲν
1574 1058 1643 1135 δὴ
1668 1059 1877 1136 ταύτην

270 1148 530 1224 αἱρέεται·
572 1146 609 1207 ὁ
633 1147 692 1206 δὲ
724 1146 906 1223 Κώης,
943 1145 1035 1206 οἶά
1059 1172 1122 1206 τε
1150 1145 1215 1206 οὗ
1240 1145 1505 1223 τύραννος
1539 1146 1783 1224 δημότης
1814 1173 1877 1207 τε

271 1234 392 1306 ἐῶν,
441 1236 610 1295 αἰτέει
661 1234 990 1311 Μυτιλήνης
1033 1238 1418 1310 τυραννεῦσαι.
1499 1236 1877 1298 τελεωθέντων

270 1323 329 1382 δὲ
376 1322 769 1401 ἀμφοτέροισι,
814 1320 970 1382 οὗτοι
1008 1323 1113 1398 μὲν
1156 1320 1298 1381 κατὰ
1337 1320 1410 1381 ταῖ
1456 1319 1675 1382 εἴλοντο
1722 1325 1876 1400 ἐτρά-

271 1437 465 1472 ποντο.

179 1501 252 1558 12
353 1503 594 1577 Δαρεῖον
641 1500 701 1560 δὲ
747 1498 1052 1578 συνήνεικε,
1093 1503 1330 1580 πρῆγμα
1369 1497 1584 1560 τοιόνδε
1624 1497 1878 1576 ἰδόμενον

271 1589 616 1666 ἐπιθυμῆσαι
643 1589 999 1650 ἐντειλασθαι
1025 1587 1369 1670 Μεγαβάζῳ,
1402 1587 1652 1650 Παίονας
1679 1587 1878 1648 ἑλόντα

275 1674 673 1740 ἀνασπάστους
687 1681 929 1754 ,ποιῆσαι
956 1682 1018 1736 ἐκ
1042 1680 1146 1753 τῆς
1164 1675 1435 1753 Εὐρώπης
1461 1678 1515 1738 ἐς
1532 1674 1637 1751 τὴν
1655 1673 1875 1753 Ἀσίην.

273 1763 346 1841 ἦν
384 1767 602 1847 Πίγρης
646 1768 739 1826 καὶ
778 1765 1058 1841 Μαντύης,
1101 1764 1293 1841 ἄνδρες
1333 1763 1592 1826 Παίονες·
1646 1764 1716 1834 οἳ,
1760 1765 1883 1823 ἐπεί

270 1880 334 1913 τε
388 1858 626 1930 Δαρεῖος
673 1854 837 1929 διέβη
879 1858 935 1914 ἐς
971 1852 1077 1926 τήν
1114 1850 1336 1925 Ἀσίην,
1380 1848 1539 1910 αὐτοὶ
1593 1852 1879 1916 ἐθέλοντες

272 1940 532 1999 Παιόνων
577 1937 920 2015 τυραννεύειν
975 1937 1328 1997 ἀπικνέονται
1381 1942 1438 2001 ἐς
1490 1937 1705 2016 Σάρδις,
1761 1938 1881 2017 ἅμα

273 2026 540 2108 ἀγόμενοι
579 2024 866 2101 ἀδελφεὴν
903 2024 1162 2107 μεγάλην
1198 2050 1262 2085 τε
1298 2026 1391 2085 καὶ
1426 2025 1654 2086 εὐειδέα·
1696 2027 1879 2103 φυλά·

271 2115 464 2184 ξαντες
489 2113 549 2173 δὲ
577 2117 819 2190 Δαρεῖον
851 2112 1327 2191 προκατιζόμενον
1354 2118 1409 2176 ἐς
1434 2112 1499 2174 τὸ
1535 2113 1879 2191 προάστειον

269 2202 337 2263 τὸ
377 2207 489 2263 τῶν
527 2202 739 2272 Λυδῶν,
774 2202 1049 2278 ἐποίησαν
1087 2202 1321 2263 τοιόνδε·
1364 2200 1740 2265 σκευάσαντες
1772 2204 1878 2278 τήν

274 2290 560 2368 ἀδελφεὴν
597 2288 668 2354 οἷς
705 2290 858 2369 εἶχον
883 2289 1107 2368 ἄριστα,
1136 2289 1221 2349 ἐπ’
1246 2291 1390 2367 ὕδωρ
1428 2291 1677 2368 ἔπεμπον
1702 2289 1878 2373 ἄγγος

271 2380 364 2437 ἐπὶ
389 2384 462 2457 τῇ
489 2383 716 2459 κεφαλῇ
754 2380 996 2458 ἔχουσαν
1034 2380 1128 2438 καὶ
1154 2384 1215 2437 ἐκ
1238 2383 1341 2439 τοῦ
1366 2380 1678 2458 βραχίονος
1705 2380 1879 2440 ἵππον

270 2468 623 2527 ἐπέλκουσαν
661 2467 752 2526 καὶ
791 2467 1124 2527 κλώθουσαν
1151 2469 1330 2526 λῖνον·
1373 2466 1445 2529 ὥς
1470 2466 1531 2525 δὲ
1550 2468 1815 2545 παρεξήϊε
1840 2463 1878 2543 ἦ

269 2555 427 2635 γυνὴ,
459 2558 716 2631 ἐπιμελὲς
733 2558 811 2633 τῷ
833 2556 1052 2633 Δαρείῳ
1073 2555 1312 2634 ἐγένετο·
1341 2551 1469 2613 οὔτε
1488 2554 1598 2634 γὰρ
1621 2559 1879 2631 Περσικοὶ

269 2641 342 2718 ἦν
379 2642 508 2702 οὔτε
545 2642 726 2702 Λύδια
763 2642 836 2702 τὰ
874 2641 1175 2717 ποιεύμενα
1206 2645 1267 2701 ἐκ
1298 2644 1401 2715 τῆς
1436 2640 1711 2721 γυναικός,
1753 2640 1879 2701 οὔτε

273 2729 416 2808 πρός
447 2735 560 2791 τῶν
586 2736 647 2789 ἐκ
671 2734 774 2806 τῆς
795 2729 998 2805 Ἀσίης
1033 2727 1309 2805 σῦδαμῶν·
1352 2730 1615 2805 ἐπιμελὲς
1640 2728 1701 2787 δὲ
1726 2726 1799 2792 ὥς
1826 2732 1879 2789 οἶ

273 2820 625 2899 ἐγένετο,τῶν
641 2817 966 2894 δορυφόρων
979 2816 1135 2880 τινὰς
1148 2817 1359 2893 πέμπει
1375 2816 1613 2878 κελεύων
1628 2816 1879 2893 φυλάξαι

273 2906 320 2964 ο*
349 2931 408 2967 τι
435 2906 714 2986 χρήσεται
741 2909 819 2985 τῷ
853 2904 1002 2984 ἵππῳ
1037 2903 1076 2979 ἤ
1107 2904 1271 2985 γυνή·
1314 2906 1370 2965 οἱ
1399 2907 1503 2981 μὲν
1536 2904 1604 2981 δὴ
1641 2904 1881 2967 ὄπισθεν

275 2995 514 3066 εἵποντο,
540 2994 578 3072 ἦ
609 2994 669 3055 δὲ
695 2994 820 3055 ἐπεί
837 3018 902 3055 τε
928 2992 1161 3053 ἀπίκετο
1198 2993 1289 3052 ἐπὶ
1314 2993 1415 3053 τόν
1438 2993 1713 3070 ποταμόν,
1734 2993 1879 3073 ἦρσε

273 3080 373 3142 τὸν
426 3084 616 3144 ἵππον·
677 3082 910 3160 α”ρσασα
961 3082 1021 3141 δὲ
1074 3082 1167 3140 καὶ
1213 3081 1280 3143 τό
1322 3081 1499 3163 ἄγγος
1536 3086 1638 3143 τοῦ
1678 3082 1879 3145 ὕδατος

275 3172 700 3251 ἐμπλησαμένη,
727 3171 832 3248 τὴν
867 3170 1040 3247 αὐτὴν
1075 3169 1210 3231 ὁδόν
1236 3170 1500 3248 παρεξήῖε
1526 3173 1786 3250 φέρουσα
1810 3170 1877 3228 τὸ

271 3253 416 3333 ὕδωρ
457 3262 550 3319 ἐπὶ
587 3267 688 3338 τῆς
729 3263 982 3335 κεφαλῆς
1014 3260 1106 3319 καὶ
1144 3261 1465 3321 ἐπέλκουσα
1498 3266 1561 3321 ἐκ
1594 3262 1699 3322 τοῦ
1733 3258 1875 3335 βρα-
