2259 3500
390 126 667 191 149-152]
1030 126 1401 200 ΠΟΛΤΜΝῙΑ.
1897 137 1985 184 181

389 206 663 285 οὖδαμούς
678 212 683 217 ’
697 206 931 284 μέζονας
968 204 1151 282 ὖμέων
1187 204 1349 275 ἅξω.”
1430 212 1605 267 ταῦτα
1643 206 1990 275 ἀκούσαντας

385 294 670 377 Ἀργείους
716 296 939 375 λέγεται
980 297 1217 375 πρῆγμα
1259 295 1631 371 ποιήσασθαι,
1675 296 1766 354 καὶ
1811 322 1988 374 παρα-
2050 332 2056 337 -

383 387 577 461 χρῆμα
610 386 714 459 μὲν
750 381 906 441 οὐδὲν
944 382 1463 463 ἐπαγγελλομένους
1502 384 1825 460 μεταιτέειν·
1867 386 1988 445 ἐπεὶ

384 470 449 529 δέ
483 478 665 547 σφεας
706 468 1181 547 παραλαμβάνειν
1219 470 1348 533 τούς
1377 470 1681 548 Ἕλληνας,
1719 473 1860 533 οὕτω
1900 474 1986 551 δὴ,

383 560 781 635 ἐπισταμένους
816 556 904 617 ὅτι
942 556 1006 617 οὗ
1040 556 1434 634 μεταδώσουσι
1469 564 1570 634 τῆς
1601 559 1783 639 ἀρχῆς
1809 568 1986 621 Λακε-

382 642 671 723 δαιμόνιοι,
715 646 1035 724 μεταιτέειν,
1092 646 1180 705 ἵνα
1229 647 1320 704 ἐπὶ
1373 646 1699 723 προφάσιος
1741 649 1985 729 ἡσυχίην

380 733 578 814 ἄγωσι.
651 736 968 810 Συμπεσεῖν
988 734 1049 792 δὲ
1065 733 1318 793 τούτοισι
1346 735 1437 793 καὶ
1461 734 1621 794 τόνδε
1645 761 1746 795 τον
1769 737 1946 817 λόγον
1963 739 2072 799 151

380 822 623 902 λέγουσι’
669 839 809 884 τινες
861 820 1166 896 Ἑλλήνων,
1214 826 1490 881 πολλοῖσι
1543 823 1694 882 ἔτεσι
1745 822 1980 900 ὕστερον

378 909 675 989 γενόμενον
702 907 925 969 τούτων·
966 912 1155 988 τυχεῖν
1181 914 1240 969 ἐν
1269 909 1542 973 Σούσοισι
1572 913 1726 969 τοῖσι
1761 918 1980 987 Μεμνο-

364 997 548 1057 νίοισι
602 997 791 1061 ἐόντας
842 998 1029 1073 ἑτέρου
1082 996 1410 1079 πρήγματος
1468 1000 1648 1058 εἵνεκα
1706 997 1979 1081 ἀγγέλους

376 1082 696 1161 Ἀθηναίων,
720 1086 986 1161 Καλλίην
1010 1112 1071 1145 τε
1098 1085 1197 1145 τόν
1221 1084 1546 1147 Ἱππονίκου
1569 1088 1662 1146 καὶ
1684 1087 1814 1150 τούς
1836 1088 1979 1164 μετὰ

372 1174 573 1237 τούτου
612 1173 951 1251 ἀναβάντας·
992 1173 1280 1256 Ἀργείους
1319 1175 1397 1243 δὲ,
1432 1174 1532 1235 τᾶν
1572 1174 1741 1235 ada-611
1779 1179 1976 1237 τοῦτον

373 1262 575 1340 χρόνον
612 1264 939 1341 πέμψαντας
972 1263 1063 1320 καὶ
1098 1262 1326 1327 τούτους
1364 1268 1420 1327 ἐς
1455 1265 1650 1327 Σοῦσα
1683 1262 1974 1345 ἀγγέλους,

376 1354 601 1429 εἰρωτᾶν
626 1350 994 1433 Ἀρταξέρξεα
1024 1350 1122 1411 τᾶν
1157 1352 1372 1429 Ξέρξεω
1406 1353 1458 1411 εἶ
1489 1358 1602 1427 σφι
1637 1354 1717 1412 ἔτι
1753 1354 1974 1430 ἐμμένει

374 1437 478 1514 τὴν
498 1440 634 1515 πρὸς
662 1441 872 1517 Ξέρξεα
893 1439 1093 1516 φιλίην
1114 1440 1577 1517 συνεκεράσαντο,
1597 1439 1636 1517 ἢ
1655 1442 1972 1517 νομιζοίατο

374 1526 513 1603 πρός
538 1525 708 1586 αὐτοῦ
737 1527 873 1586 εἶναι
900 1528 1199 1604 πολέμιοι;
1241 1529 1496 1603 βασιλέα
1521 1527 1580 1585 δὲ
1606 1526 1973 1605 Ἀρταξέρξεα

372 1612 625 1691 μάλιστα
652 1616 903 1691 ἐμμένειν
924 1614 1116 1691 φάναι,
1141 1616 1230 1673 καὶ
1259 1613 1518 1691 οὐδεμίαν
1537 1616 1776 1690 νομίζειν
1803 1616 1970 1675 πόλιν

363 1700 599 1783 Ἀργεος
640 1704 993 1782 φιλιωτέρην.
1076 1708 1149 1762 Ει
1186 1704 1292 1785 μέν
1327 1728 1422 1763 νυν
1459 1702 1670 1780 Ξέρξης
1702 1727 1766 1762 τε
1797 1700 1930 1762 εἰπέ·
1949 1706 2065 1766 152

368 1799 558 1868 πεμψε
577 1817 751 1851 ταυτα
769 1793 1009 1874 λέγοντα
1035 1793 1246 1868 κήρυκα
1269 1797 1322 1854 ἐς
1339 1789 1564 1871 Ἄργος,
1589 1791 1680 1849 καὶ
1705 1789 1970 1872 Ἀργειων

369 1876 601 1959 ἄγγελοι
626 1877 987 1955 a’vasscivree’
962 1905 1015 1942 ες
1051 1882 1300 1944 Σοῦσα’
1274 1879 1577 1992 επειροξτων
1601 1875 1968 1956 Ἀρτοξέρξεα

366 1968 493 2044 περὶ
540 1969 750 2044 φιλίης,
800 1993 899 2026 ουκ
955 1970 1061 2046 ἔχω
1108 1967 1374 2045 ἀτρεκέως
1422 1971 1610 2028 εἰπεῖν·
1667 1965 1796 2027 ουδέ
1843 1993 1966 2028 τινα

362 2055 587 2135 γνώμην
612 2057 739 2132 περὶ
770 2054 949 2116 αὐτῶν
974 2055 1364 2133 ἀποφαίνομαι
1395 2057 1578 2132 ἄλλην
1602 2078 1670 2138 γε
1695 2054 1734 2132 ἦ
1759 2056 1966 2133 τήνπερ

364 2143 520 2202 αὐτοὶ
571 2142 817 2222 Ἀργεῖοι
869 2144 1125 2224 λέγουσι.
1219 2144 1549 2226 [ἐπίσταμαι
1595 2145 1656 2204 δὲ
1706 2148 1963 2215 τοσοῦτο,

364 2229 466 2300 ὅτι,
512 2237 559 2290 εἰ
605 2231 806 2293 πάντες
845 2229 1125 2308 ἅνθρωποι
1165 2234 1238 2292 τοὶ
1287 2234 1467 2308 οἰκήϊα
1508 2232 1650 2293 κακοὶ
1693 2237 1748 2296 ἐς
1785 2234 1965 2310 μέσον

364 2319 729 2376 συνενείκαιεν
774 2317 1134 2388 ἀλλάξασθαι
1175 2320 1518 2398 βουλόμενοι
1560 2325 1714 2381 τοῖσι
1754 2317 1962 2396 πλησί-

364 2428 497 2473 οισι,
526 2403 921 2485 ἐγκύψαντες
888 2430 955 2464 αν
982 2411 1035 2468 ἐς
1064 2407 1137 2465 τοὶ
1162 2412 1272 2466 τῶν
1297 2410 1472 2470 πέλας
1500 2408 1642 2467 κακοὶ
1664 2407 1964 2473 ἀσπασίως

364 2489 590 2551 ἔκαστοι
628 2518 807 2552 αυτων
832 2491 1211 2571 ἀποφεροίατο
1245 2495 1426 2555 ὀπίσω
1459 2521 1533 2555 τα
1571 2495 1960 2578 ἐσενείκαντο·]

362 2577 501 2637 οὕτω
534 2579 601 2654 δη
630 2606 728 2638 ουκ
754 2579 1061 2662 Ἀργείοισι
1097 2584 1372 2662 αἴσχιστα
1399 2583 1717 2660 πεποίηται·
1761 2583 1868 2665 ἐγω
1901 2584 1962 2642 δὲ

360 2665 572 2740 ὀφείλω
614 2668 800 2749 λέγειν
840 2695 913 2729 τα
952 2669 1246 2751 λεγόμενα,
1291 2672 1590 2732 πείθεσθαί
1624 2697 1694 2753 γε
1739 2670 1854 2748 μὴν
1895 2696 1960 2730 ου

358 2755 685 2816 παντάπασι
712 2756 943 2833 ὀφείλω·
985 2759 1082 2818 καί
1110 2785 1210 2836 μοι
1243 2764 1410 2820 τοῦτὸ
1441 2756 1508 2820 τό
1541 2760 1670 2822 ἔπος
1703 2753 1872 2838 ἐχέτω
1906 2762 1962 2822 ἐς

357 2842 539 2902 πάντα
578 2844 677 2905 τόν
716 2845 908 2927 λόγον·
950 2848 1069 2905 ἐπεὶ
1110 2849 1203 2907 καὶ
1242 2851 1416 2907 ταῦτα
1455 2849 1697 2929 λέγεται,
1741 2845 1812 2908 ὥς
1849 2843 1958 2923 ἄρα

355 2929 599 3012 Ἀργεῖοι
640 2933 788 3009 ἦσαν
832 2939 886 2993 οἱ
929 2935 1394 3013 ἐπικαλεσάμενοι
1438 2935 1549 2996 τᾶν·
1586 2933 1820 3011 Πέρσην
1867 2935 1962 2998 ἐπὶ

354 3018 458 3095 τήν
481 3019 751 3092 Ἐλλάδα,
780 3023 967 3098 ἐπειδή
1004 3029 1117 3100 σφι
1152 3023 1292 3100 πρὸς
1325 3023 1454 3086 τοῦς
1490 3021 1958 3098 Λακεδαιμονίους

356 3112 532 3171 κακῶς
579 3109 617 3185 ἦ
664 3109 837 3190 αἰχμή
889 3109 1131 3187 ἑστήκεε,
1177 3115 1290 3172 πᾶν
1335 3110 1404 3187 δὴ
1452 3108 1799 3189 βουλόμενοί
1844 3115 1956 3185 σφι

354 3195 494 3257 εἶναι
526 3197 637 3275 πρὸ
669 3203 769 3275 τῆς
796 3200 1115 3276 παρεούσης
1146 3202 1351 3277 λύπης.
1433 3201 1504 3261 ταῖ
1539 3203 1645 3279 μὲν
1675 3201 1802 3278 περὶ
1826 3198 1952 3277 Ἀρ-

350 3285 515 3364 γείων
542 3286 773 3365 εἴρηται.

370 3367 397 3416 I
403 3368 533 3418 L-——l
544 3376 573 3421 5
