2259 3500
340 73 555 140 38—42]
969 73 1345 121 ΚΑΛΛΙΟΠΗ.
1846 75 1937 124 301

338 157 530 234 μέντοι
571 156 740 216 ἵππος
779 153 817 228 ἦ
859 152 1181 229 Μαρδονίου
1223 151 1330 210 αἰεὶ
1369 155 1703 230 προσέκειτό
1747 179 1809 215 τε
1850 155 1941 214 καὶ

343 241 540 302 ε’λύπεε
565 239 695 303 τοῦς
708 239 1015 314 Ἕλληνας·
1060 243 1113 298 οἱ
1138 238 1251 321 γάρ
1273 241 1537 316 Θηβαῖοι,
1566 238 1663 299 ἅτε
1690 241 1943 317 μηδίζον-

340 357 431 394 τες
475 328 751 410 μεγάλως,
799 327 1096 404 προθύμως
1145 329 1345 405 ἔφερον
1389 326 1489 387 τᾶν
1530 327 1799 404 πόλεμον,
1852 329 1943 388 καὶ

343 418 450 476 αἰεὶ
502 417 837 496 κατηγέοντο
880 415 1048 493 μέχρι
1100 414 1441 494 μάχης·τό
1485 415 1545 474 δὲ
1588 414 1702 474 ‹in-6
1745 415 1943 476 τούτου

343 503 780 582 παραδεκόμενοι
812 503 1031 579 Πέρσαι
1057 528 1119 563 τε
1146 503 1237 561 καὶ
1274 502 1481 578 Μῆδοι,
1508 502 1729 579 μάλα*
1700 528 1867 564 εσκον
1895 530 1947 563 οι

345 589 789 652 οἷπεδείκνυντο’
754 589 970 668 αρετάς.

425 682 615 760 Μέχρι
639 680 743 756 μέν
769 705 866 740 νυν
891 682 1001 739 τῶν
1027 679 1161 738 δέκα
1186 677 1431 755 ἡμερέων
1460 677 1618 738 οὐδὲν
1650 680 1743 738 ἐπὶ
1769 683 1946 740 πλεῦν
1965 681 2035 738 41

346 768 556 847 ε’γίνετο
580 766 806 827 τούτων·
851 766 921 829 ὥς
947 767 1005 826 δὲ
1034 766 1345 842 ἑνδεκάτη’
1320 765 1569 848 εγεγόνεε
1594 767 1775 844 ἡμέρη
1802 793 1945 826 αντι-

347 855 711 931 κατημένοισι
738 859 794 914 ἐν
821 859 1155 932 Πλαταιῇσι
1185 854 1244 913 οἵ
1271 879 1333 914 τε
1361 853 1429 930 δη
1446 853 1724 931 ἼΞλληνες
1748 859 1948 934 πολλῷ

345 945 578 1005 πλεῦνες
619 940 968 1023 ε’γεγόνεσαν,
1013 941 1104 1000 καὶ
1136 941 1454 1018 Μαρδόνιος
1488 943 1845 1018 περιημέκτεε
1876 946 1948 1022 τῇ

347 1029 492 1108 ἕδρῃ,
549 1029 786 1089 ἐνθαῦτα
839 1033 894 1091 ἐς
947 1028 1154 1109 λόγους
1206 1027 1387 1104 ἦλθον
1440 1028 1755 1106 Μαρδόνιός
1803 1056 1866 1089 τε
1912 1029 1945 1091 ὅ
1980 1029 1983 1034 ’

347 1117 618 1195 Γωβρύεω
647 1117 740 1176 καὶ
756 1115 1109 1195 Ἀρτάβαζος
1129 1116 1161 1176 ὁ
1181 1116 1511 1194 Φαρνάκεος,
1530 1116 1592 1181 ὃς
1612 1122 1669 1176 ἐν
1697 1116 1947 1198 ὀλίγοισι

347 1207 614 1282 Περσέων
654 1205 725 1282 ἦν
767 1204 905 1283 α’νήρ
951 1204 1176 1282 δόκιμος
1223 1204 1377 1281 παραὶ
1419 1205 1619 1284 Ξέρξῃ·
1676 1206 1946 1280 βουλευο-

344 1293 522 1369 μένων
553 1295 612 1353 δὲ
651 1291 842 1352 αἴδε’
806 1319 956 1368 ησαν
989 1295 1048 1352 αἱ
1083 1296 1319 1374 γνῶμαι·
1361 1319 1398 1368 η
1437 1295 1541 1370 μὲν
1575 1292 1945 1370 Ἀρταβάζου,

349 1407 419 1444 ως
449 1381 616 1460 χρεόν
647 1381 730 1455 εἵη
757 1380 1158 1452 ἀναζεύξαντας
1186 1379 1289 1456 τήν
1324 1381 1601 1458 ταχίστην
1632 1380 1815 1440 πάντα
1846 1381 1945 1441 τᾶν

348 1469 608 1546 στρατόν,
651 1468 788 1527 ἰέναι
818 1473 872 1531 ἐς
898 1468 964 1528 τὸ
1000 1473 1188 1547 τεῖχος
1222 1467 1287 1528 τὸ
1315 1469 1597 1544 Θηβαίων,
1628 1469 1757 1528 ἔνθα
1782 1468 1945 1529 σῖτόν

347 1557 412 1616 τέ
448 1562 561 1632 σφι
597 1556 976 1635 ἐσενηνεῖχθαι
1016 1555 1238 1616 πολλόν
1276 1556 1366 1615 καὶ
1398 1555 1605 1635 χόρτον
1636 1559 1789 1616 τοῖσι
1814 1556 1946 1615 ὕπο-

348 1644 608 1726 ζυγίοισι·
649 1641 768 1702 κατ’
801 1643 1044 1721 ἡσυχίην
1075 1669 1138 1703 τε
1176 1643 1457 1720 ἱζομένους
1492 1643 1947 1720 διαπρήσσεσθαι

349 1736 639 1795 ποιεῦντας
676 1729 826 1791 τάδε·
869 1732 1015 1811 ἔχειν
1048 1729 1159 1812 γάρ
1194 1730 1411 1811 χρυσόν
1442 1730 1665 1792 πολλόν
1703 1734 1806 1810 μὲν
1834 1733 1945 1793 ε’πί-

349 1847 551 1897 σημον,
597 1819 816 1879 πολλὸν
859 1820 919 1879 δὲ
959 1820 1052 1879 καὶ
1091 1817 1331 1895 ἄσημον,
1364 1819 1587 1880 πολλὰν
1622 1819 1681 1879 δὲ
1723 1822 1815 1879 καὶ
1853 1819 1947 1897 ἅρ-

349 1908 518 1989 γυρόν
535 1934 598 1969 τε
619 1908 711 1967 καὶ
739 1906 1054 1984 ἐκπώματα·
1085 1906 1296 1967 τούτων
1318 1906 1677 1985 φειδομένους
1694 1908 1945 1985 μηδενὸς,

349 1997 678 2075 διαπέμπειν
704 2002 759 2061 ἐς
787 1996 918 2061 τοῦς
945 1995 1249 2072 Ἕλληνας,
1279 1995 1568 2071 Ἑλλήνων
1604 1996 1663 2055 δὲ
1696 1997 1950 2073 μάλιστα

349 2089 404 2148 ἐς
445 2086 574 2149 τοῦς
615 2090 1000 2164 προεστεῶτας
1048 2090 1106 2145 ἐν
1147 2088 1286 2162 τῇσι
1328 2083 1548 2144 πόλισι·
1608 2084 1699 2143 καὶ
1737 2084 1947 2163 ταχέως

351 2175 532 2249 σφέας
583 2174 936 2251 παραδώσειν
987 2172 1090 2248 τὴν
1151 2172 1485 2249 ἐλευθερίην·
1539 2173 1681 2251 μηδὲ
1732 2171 1946 2233 α’,νακιν-

351 2258 588 2319 δυνεύειν
640 2260 1102 2337 συμβάλλοντας.
1185 2258 1385 2318 τούτου
1430 2261 1534 2336 μέν
1580 2288 1677 2322 νυν
1721 2260 1758 2338 ἦ
1807 2260 1945 2337 αὖτή

354 2346 566 2425 ε’γίνετσ
587 2346 678 2404 καὶ
704 2346 969 2421 Θηβαίων
993 2344 1204 2426 γνώμη,
1244 2346 1314 2410 ὥς
1348 2346 1667 2424 προειδότος
1692 2353 1869 2409 πλεῦν
1892 2374 1947 2408 τι

352 2433 444 2490 καὶ
479 2431 694 2492 τούτου·
737 2433 1057 2511 Μαρδονίου
1095 2432 1154 2491 δὲ
1190 2436 1521 2513 ἰσχυροτέρη
1556 2460 1618 2495 τε
1656 2436 1748 2495 καὶ
1774 2436 1945 2517 οἷγνω-

351 2521 676 2599 μονεστέρη,
705 2522 796 2581 καὶ
823 2520 1074 2597 οὐδαμῶς
1101 2524 1615 2604 συγγινωσκομένη·
1652 2522 1860 2583 δοκέειν
1885 2548 1946 2582 τε

349 2608 460 2689 γάρ
492 2612 690 2687 πολλῷ
726 2609 1008 2686 κρέσσονα
1045 2609 1184 2669 εἶναι
1218 2610 1321 2687 τήν
1356 2611 1638 2687 σφετέρην
1678 2609 1947 2687 στρατιὴν

351 2700 451 2771 τῆς
474 2696 825 2775 Ἑλληνικῆς,
858 2697 1222 2775 συμβάλλειν
1256 2724 1319 2758 τε
1354 2698 1457 2775 τήν
1486 2698 1781 2777 ταχίστην,
1808 2698 1947 2775 μηδὲ

351 2789 616 2863 περιορᾶν
641 2786 1145 2867 συλλεγομένους”’
1116 2813 1197 2847 ετι
1220 2789 1463 2849 πλεῦνας
1492 2790 1603 2846 τῶν
1638 2788 1948 2865 συλλελεγ-

350 2872 547 2948 μένων·
586 2872 658 2933 τά
683 2900 743 2933 τε
770 2873 994 2955 σφάγια
1016 2900 1090 2934 τα.
1113 2873 1622 2955 Ἤγησιστράτου’
1598 2876 1693 2933 εᾶν
1716 2874 1947 2952 χαίρειν·

351 2960 493 3037 μηδὲ
516 2944 836 3038 βιάζεσθαι,
855 2962 1012 3022 ἀλλὰ
1036 2962 1187 3042 νόμῳ
1212 2966 1289 3041 τῷ
1316 2961 1583 3038 Περσέων
1607 2961 1949 3041 χρεωμένους

353 3048 735 3125 συμβάλλειν.
816 3048 1030 3111 Τούτου
1055 3051 1121 3133 δὲ.
1148 3048 1289 3111 οὕτω
1320 3050 1653 3111 δικαιεῦντος
1687 3048 1949 3128 οἷντέλεγε
1966 3049 2042 3107 42

355 3136 618 3209 ουδεὶς,’
576 3165 722 3199 ωστε
749 3137 970 3216 ἐκράτεε
999 3140 1071 3216 τῇ
1101 3134 1421 3218 γνωμῃ·τό
1457 3134 1566 3214 γάρ
1608 3134 1807 3211 κράτος
1834 3134 1949 3211 εἶχε

353 3251 454 3355 Ἧς
483 3230 751 3306 στρατιῆς
786 3224 946 3289 οὗτος
989 3229 1049 3284 ε’κ
1093 3224 1389 3301 βασιλέος,
1431 3220 1562 3281 ἀλλ’
1606 3222 1705 3281 οὐκ
1752 3220 1949 3300 Ἀρτά-

449 3314 580 3362 -24
