2259 3500
383 132 602 197 95—98]
1019 132 1325 183 o'rPANIA.
1879 135 1976 190 257

383 213 484 275 τόν
506 239 570 272 τε
595 211 776 272 ἄλλον
799 210 981 272 πάντα
1016 212 1132 275 τὸν
1148 214 1277 290 περὶ
1306 217 1408 288 τῆς
1438 213 1745 293 ναυμαχίης
1775 214 1977 293 ταύτης

385 300 672 377 εἰρημένον
699 298 895 359 Βακιδι
929 301 1021 359 καὶ
1053 302 1345 379 Μουσαίῳ,
1385 300 1476 359 καὶ
1510 302 1575 377 δή
1612 302 1701 360 καὶ
1740 328 1879 361 κατα
1906 330 1977 363 τα

385 387 619 469 ναυήγια
662 415 734 448 τα
772 387 944 465 ταύτῃ
986 388 1359 467 ἐξενειχθέντα
1395 388 1462 448 τὸ
1505 391 1789 466 εἰρημένον
1839 395 1977 449 πολ-

381 477 592 536 λοῖσι*
563 501 712 536 ετεσι
737 474 1008 553 πρότερον
1033 475 1241 537 τούτων
1266 481 1325 535 ἐν
1347 481 1588 555 χρησμῷ
1608 476 1979 558 Αυσιστροῖτω

385 564 672 643 Ἀθηναίῳ,
715 562 872 641 ἀνδρὶ
911 563 1310 646 χρησμολόγῳ,
1351 564 1417 625 τὸ
1459 563 1723 641 ἐλελήθεε
1768 566 1980 630 πάντας

359 650 511 715 Δτούς
525 651 832 728 Ἕλληνας·

611 749 861 798 Κωλιάδες
894 750 946 796 δὲ
976 750 1195 809 ’γυναῖκες
1228 750 1467 811 ἐρετμοῖσι
1500 750 1741 813 φρύξουσι.

383 826 550 885 τοῦτο
576 826 636 884 δὲ
663 827 865 901 ἔμελλε
891 824 1279 889 ἀπελάσαντος
1303 828 1581 903 βασιλέος
1608 830 1858 889 ἔσεσθαι.

466 913 676 989 ’Ξέρξης
706 913 765 971 δὲ
801 913 875 977 ὥς
909 914 1078 989 ἔμαθε
1111 913 1179 973 τὰ
1205 913 1434 995 γεγονὸς
1459 916 1652 985 πάθος,
1683 916 1871 980 δείσας
1894 917 1976 994 μή
1994 920 2069 979 97

384 1024 468 1063 τις
518 1005 628 1062 τῶν
672 1000 868 1061 Ἰώνων
912 1000 1190 1077 ὖποθῆται
1228 1004 1381 1061 τοῖσι
1417 1001 1689 1080 Ἕλλησι,
1737 1003 1773 1081 ἢ
1819 1003 1979 1065 αὐτοὶ

385 1088 651 1164 νοήσωσι,
679 1090 872 1149 πλέειν
906 1094 962 1152 ἐς
986 1088 1086 1149 τόν
1109 1088 1540 1165 Ἑλλήσποντον
1575 1092 1844 1155 λύσοντες
1877 1091 1976 1155 τὰς

382 1176 646 1257 γεφύρας,
676 1178 768 1237 καὶ
794 1176 1191 1254 ἀπολαμφθεὶς
1216 1183 1273 1237 ἐν
1297 1182 1371 1257 τῇ
1395 1178 1635 1259 Εὐρώπῃ
1662 1180 1978 1240 ἀπολέσθαι

384 1265 734 1337 κινδυνεύσει,
761 1265 1018 1343 δρησμὸν
1048 1266 1334 1342 ἐβούλευε·
1378 1269 1554 1328 θέλων
1586 1268 1646 1327 δὲ
1678 1268 1759 1346 μή
1794 1268 1977 1344 ἐπίδη-

383 1355 484 1415 λος
518 1353 655 1413 εἶναι
688 1353 832 1431 μήτε
865 1357 1019 1413 τοῖσι
1035 1353 1289 1431 Ἕλλησι
1322 1354 1464 1432 μήτε
1498 1360 1650 1415 τοῖσι
1677 1360 1891 1426 ἑωυτοῦ,
1922 1362 1977 1421 ἐς
2057 1424 2061 1431 ,

383 1438 486 1515 τὴν
523 1442 818 1519 Σαλαμῖνα
851 1445 1016 1521 χῶμα
1058 1445 1313 1519 ἐπειρᾶτο
1353 1442 1597 1522 διαχοῦν·
1644 1444 1887 1524 γαυλούς
1915 1470 1977 1504 τε

385 1528 725 1603 Φοινικηίους
764 1530 1003 1599 συνέδεε,
1049 1530 1138 1588 ἶνα
1180 1528 1308 1589 α’ντί
1342 1556 1403 1589 τε
1445 1530 1671 1609 σχεδίης
1717 1533 1848 1589 ἔωσι
1884 1532 1977 1589 καὶ

383 1615 614 1693 τείχεος·
665 1614 891 1693 οἷρτέετό
922 1642 985 1676 τε
1016 1618 1092 1680 ἐς’
1109 1616 1376 1693 πόλεμον,
1420 1618 1489 1682 ὥς
1526 1618 1835 1697 ναυμαχίην
1874 1616 1974 1678 ἅλ-

383 1703 494 1778 λην
521 1704 914 1782 ποιησόμενος.
969 1703 1219 1783 ὁρέοντες
1256 1706 1318 1764 δέ
1349 1731 1447 1783 μιν
1483 1705 1685 1770 πάντες
1720 1709 1772 1765 οἶ
1804 1704 1975 1767 ἄλλοι

382 1793 561 1850 ταῦτα
598 1791 948 1869 πρήσσοντα,
979 1791 1038 1852 εὖ
1071 1795 1367 1854 ἐπιστέατο
1404 1793 1475 1856 ὥς
1509 1800 1569 1853 ἐκ
1603 1793 1809 1858 παντὸς
1844 1794 1975 1854 νόου

383 1880 840 1956 παρεσκεύασται
889 1882 1067 1958 μένων
1123 1881 1488 1958 πολεμήσειν·
1556 1881 1875 1959 Μαρδόνιον
1926 1883 1975 1942 δ’

382 1965 539 2029 ουδὲν
570 1968 777 2029 τούτων
781 1969 1161 2052 “ἐλάνθο”ινε,“
1120 1997 1190 2033 ως
1221 1970 1475 2047 μάλιστα
1516 1972 1775 2048 ἔμπειρον
1815 1969 1975 2030 ἐόντα

381 2059 482 2130 τῆς
507 2057 714 2117 ἐκείνου
742 2057 1000 2134 διανοίης.
1023 2053 1069 2104 J

461 2143 650 2204 Ταῦτα
699 2171 761 2204 τε
814 2144 931 2221 ἅμα
983 2146 1193 2223 Ξέρξης
1246 2146 1440 2220 ἐποίεε,
1497 2148 1589 2205 καὶ
1652 2147 1861 2226 ἔπεμπε
1921 2153 1975 2210 ἐς
1992 2149 2069 2206 98

382 2233 613 2307 Πέρσας
648 2231 990 2312 ἀγγελέοντα
1020 2231 1124 2308 τήν
1158 2232 1478 2310 παρεοῦσάν
1509 2241 1621 2309 σφι
1653 2233 1974 2312 συμφορήν.

380 2318 586 2378 τούτων
639 2319 699 2377 δὲ
749 2325 858 2380 τῶν
912 2319 1167 2400 οἷγγέλων
1209 2322 1331 2381 ἔστι
1374 2320 1531 2382 οὐδὲν
1576 2321 1609 2383 ὅ
1654 2347 1709 2383 τι
1752 2322 1975 2383 odo-<mv

381 2405 742 2485 παραγίνεται
779 2406 978 2483 θνητόν
1013 2407 1121 2466 ἐόν·
1166 2407 1321 2468 οὕτω
1340 2413 1493 2469 τοῖσι
1528 2411 1795 2489 Πέρσῃσι
1830 2409 1975 2480 ἐξεύ-

380 2517 544 2567 ρηται
581 2498 768 2554 τοῦτο.
851 2495 1084 2574 λέγουσι
1112 2495 1237 2576 γὰρ,
1278 2495 1348 2560 ὥς
1378 2495 1527 2556 ὅσων
1558 2494 1627 2556 ἂν
1660 2497 1699 2576 ᾗ
1729 2497 1975 2576 ἡμερέων

381 2603 418 2653 η
445 2585 608 2640 πᾶσα
631 2580 776 2651 οδος,
803 2586 1066 2642 τοσοῦτοι
1093 2583 1255 2642 ἵπποι
1278 2609 1340 2644 τε
1367 2585 1459 2642 καὶ
1486 2582 1675 2660 ἄνδρες
1700 2585 1973 2656 διεστᾶσι,

383 2668 524 2727 κατοὶ
561 2668 874 2746 ἡμερησίην
920 2669 1050 2730 ὁδον
1094 2669 1335 2748 ἑκάστην
1379 2671 1547 2734 ἵππος
1586 2697 1649 2730 τε
1696 2673 1787 2730 καὶ
1834 2671 1972 2749 αἶνήρ

381 2758 732 2836 τεταγμένος·
797 2784 928 2820 τους
979 2757 1104 2819 οὔτε
1157 2759 1397 2835 νιφετος,
1454 2757 1553 2818 ούκ
1616 2757 1848 2836 ὄμβρος,
1910 2760 1975 2819 οὗ

382 2847 583 2921 καῦμα,
621 2845 686 2905 ού
727 2846 829 2916 νυξ
867 2847 1042 2927 ἐέργει
1069 2872 1151 2924 μη
1186 2846 1251 2906 οὗ
1284 2845 1589 2906 κατανύσαι
1623 2871 1721 2906 τον
1753 2847 1972 2922 προκεί-

380 2957 548 3007 μενον
575 2936 754 3013 ἑωυτῷ
777 2932 984 3011 δρόμον
1000 2934 1104 3010 τὴν
1121 2935 1416 3013 ταχίστην.
1476 2933 1509 2993 ὅ
1533 2936 1637 3010 μὲν
1664 2932 1731 3008 δὴ
1758 2937 1973 3010 πρῶτος

381 3019 603 3097 δραμὼν
635 3022 934 3100 παραδιδοῖ
959 3019 1031 3080 ταῖ
1069 3022 1439 3097 ἐντεταλμένα
1474 3025 1550 3098 τῷ
1584 3020 1827 3099 δευτέρῳ,
1856 3020 1888 3079 ὁ
1914 3021 1973 3080 δὲ

383 3107 629 3188 δεύτερος
665 3115 742 3190 τῷ
769 3110 954 3188 τρίτῳ·
995 3107 1060 3168 τὸ
1097 3109 1157 3167 δὲ
1196 3108 1443 3168 ἐνθεῦτεν
1474 3107 1579 3183 ἤδη
1614 3106 1755 3166 κατοὶ
1792 3105 1975 3168 ἄλλον

383 3195 718 3278 διεξέρχεται
749 3195 1177 3275 παραδιδόμενα,
1207 3193 1451 3272 κατάπερ
1468 3193 1723 3272 ’Ἕλλησι
1754 3193 1793 3273 ἦ
1828 3199 1974 3273 λαμ-

381 3286 726 3367 παδηφορίη,
772 3284 876 3363 τὴν
915 3285 994 3362 τῷ
1025 3280 1330 3360 εΗφαίστιρ
1364 3283 1729 3344 ἐπιτελέουσι.
1805 3287 1973 3345 τοῦτο
