<?xml version="1.0" encoding="UTF-8"?>
<!DOCTYPE html PUBLIC "-//W3C//DTD XHTML 1.0 Transitional//EN"
    "http://www.w3.org/TR/xhtml1/DTD/xhtml1-transitional.dtd">
<html xmlns="http://www.w3.org/1999/xhtml" xml:lang="en" lang="en">
 <head>
  <title>
</title>
<meta http-equiv="Content-Type" content="text/html;charset=utf-8" />
  <meta name='ocr-system' content='tesseract 3.04.00' />
  <meta name='ocr-capabilities' content='ocr_page ocr_carea ocr_par ocr_line ocrx_word'/>
</head>
<body>
  <div class='ocr_page' id='page_1' title='image "./herodotus18herogoog_0077.png"; bbox 0 0 2259 3500; ppageno 0'>
   <div class='ocr_carea' id='block_1_1' title="bbox 4 3311 24 3477">
    <p class='ocr_par' dir='ltr' id='par_1_1' title="bbox 4 3311 24 3477">
     <span class='ocr_line' id='line_1_1' title="bbox 4 3311 24 3477; textangle 90"><span class='ocrx_word' id='word_1_1' title='bbox 4 3311 24 3477; x_wconf 49' lang='lat'>*¹-</span> 
     </span>
    </p>
   </div>
   <div class='ocr_carea' id='block_1_2' title="bbox 346 125 2043 2308">
    <p class='ocr_par' dir='ltr' id='par_1_2' title="bbox 346 125 2043 1959">
     <span class='ocr_line' id='line_1_2' title="bbox 351 125 1945 192; baseline -0.005 -9"><span class='ocrx_word' id='word_1_2' title='bbox 351 127 572 192; x_wconf 77' lang='lat'><strong>27-32]</strong></span> <span class='ocrx_word' id='word_1_3' title='bbox 1029 125 1260 176; x_wconf 67' lang='lat' dir='ltr'>mmo.</span> <span class='ocrx_word' id='word_1_4' title='bbox 1883 127 1945 175; x_wconf 81' lang='lat'>69</span> 
     </span>
     <span class='ocr_line' id='line_1_3' title="bbox 351 203 1947 285; baseline -0.004 -14"><span class='ocrx_word' id='word_1_5' title='bbox 351 215 558 270; x_wconf 80' lang='grc' dir='ltr'>εοῦσαν</span> <span class='ocrx_word' id='word_1_6' title='bbox 597 205 906 284; x_wconf 71' lang='grc' dir='ltr'>ἁμαρτάδα,</span> <span class='ocrx_word' id='word_1_7' title='bbox 933 206 1285 285; x_wconf 76' lang='grc' dir='ltr'>φιλοψυχίην</span> <span class='ocrx_word' id='word_1_8' title='bbox 1320 203 1539 281; x_wconf 86' lang='grc' dir='ltr'>τοιήνδε</span> <span class='ocrx_word' id='word_1_9' title='bbox 1576 203 1701 265; x_wconf 70' lang='grc' dir='ltr'>τινὰ</span> <span class='ocrx_word' id='word_1_10' title='bbox 1734 203 1947 282; x_wconf 71' lang='grc' dir='ltr'>ἀναιρέ-</span> 
     </span>
     <span class='ocr_line' id='line_1_4' title="bbox 353 291 1947 376; baseline -0.003 -19"><span class='ocrx_word' id='word_1_11' title='bbox 353 323 488 357; x_wconf 85' lang='grc' dir='ltr'>εται·</span> <span class='ocrx_word' id='word_1_12' title='bbox 560 296 632 359; x_wconf 77' lang='grc' dir='ltr'>ὦς</span> <span class='ocrx_word' id='word_1_13' title='bbox 691 295 912 376; x_wconf 76' lang='grc' dir='ltr'>φεύγων</span> <span class='ocrx_word' id='word_1_14' title='bbox 960 321 1023 354; x_wconf 91' lang='grc' dir='ltr'>τε</span> <span class='ocrx_word' id='word_1_15' title='bbox 1075 292 1537 370; x_wconf 75' lang='grc' dir='ltr'>κατελαμβάνετο</span> <span class='ocrx_word' id='word_1_16' title='bbox 1588 292 1697 352; x_wconf 80' lang='grc' dir='ltr'>ὖπό</span> <span class='ocrx_word' id='word_1_17' title='bbox 1752 291 1947 370; x_wconf 76' lang='grc' dir='ltr'>σ’,νδρός</span> 
     </span>
     <span class='ocr_line' id='line_1_5' title="bbox 353 380 1947 463; baseline -0.003 -18"><span class='ocrx_word' id='word_1_18' title='bbox 353 387 606 463; x_wconf 84' lang='grc' dir='ltr'>Πέρσεω,</span> <span class='ocrx_word' id='word_1_19' title='bbox 650 385 742 442; x_wconf 80' lang='grc' dir='ltr'>καὶ</span> <span class='ocrx_word' id='word_1_20' title='bbox 798 383 868 446; x_wconf 74' lang='grc' dir='ltr'>ὥς</span> <span class='ocrx_word' id='word_1_21' title='bbox 919 381 1345 459; x_wconf 81' lang='grc' dir='ltr'>καταιρεόμενος</span> <span class='ocrx_word' id='word_1_22' title='bbox 1388 380 1480 440; x_wconf 72' lang='grc' dir='ltr'>ὑπ’</span> <span class='ocrx_word' id='word_1_23' title='bbox 1524 380 1693 441; x_wconf 74' lang='grc' dir='ltr'>αὑτοῦ</span> <span class='ocrx_word' id='word_1_24' title='bbox 1744 383 1947 457; x_wconf 80' lang='grc' dir='ltr'>ἔμελλε</span> 
     </span>
     <span class='ocr_line' id='line_1_6' title="bbox 351 469 1946 554; baseline -0.003 -22"><span class='ocrx_word' id='word_1_25' title='bbox 351 471 927 554; x_wconf 73' lang='grc' dir='ltr'>συγκεντηθήσεσθαι,</span> <span class='ocrx_word' id='word_1_26' title='bbox 956 469 1213 546; x_wconf 83' lang='grc' dir='ltr'>Περσίδα</span> <span class='ocrx_word' id='word_1_27' title='bbox 1252 472 1529 550; x_wconf 72' lang='grc' dir='ltr'>γλῶσσαν</span> <span class='ocrx_word' id='word_1_28' title='bbox 1567 470 1753 547; x_wconf 79' lang='grc' dir='ltr'>μετεὶς</span> <span class='ocrx_word' id='word_1_29' title='bbox 1784 495 1946 529; x_wconf 88' lang='grc' dir='ltr'>κατα-</span> 
     </span>
     <span class='ocr_line' id='line_1_7' title="bbox 349 557 2043 637; baseline -0.002 -17"><span class='ocrx_word' id='word_1_30' title='bbox 349 559 551 637; x_wconf 78' lang='grc' dir='ltr'>μηνύει</span> <span class='ocrx_word' id='word_1_31' title='bbox 577 559 794 629; x_wconf 74' lang='grc' dir='ltr'>ἑωυτόν,</span> <span class='ocrx_word' id='word_1_32' title='bbox 825 558 896 622; x_wconf 72' lang='grc' dir='ltr'>οἷς</span> <span class='ocrx_word' id='word_1_33' title='bbox 923 559 1006 633; x_wconf 84' lang='grc' dir='ltr'>εἴη</span> <span class='ocrx_word' id='word_1_34' title='bbox 1029 557 1295 621; x_wconf 81' lang='grc' dir='ltr'>Ἱστιαῖος</span> <span class='ocrx_word' id='word_1_35' title='bbox 1322 557 1354 618; x_wconf 79' lang='grc' dir='ltr'><em>ἆ</em></span> <span class='ocrx_word' id='word_1_36' title='bbox 1382 557 1689 633; x_wconf 85' lang='grc' dir='ltr'>Μιλήσιος.</span> <span class='ocrx_word' id='word_1_37' title='bbox 1748 560 1821 618; x_wconf 80' lang='grc' dir='ltr'>Εἰ</span> <span class='ocrx_word' id='word_1_38' title='bbox 1845 559 1949 634; x_wconf 89' lang='grc' dir='ltr'>μέν</span> <span class='ocrx_word' id='word_1_39' title='bbox 1965 561 2043 616; x_wconf 89' lang='lat'>30</span> 
     </span>
     <span class='ocr_line' id='line_1_8' title="bbox 351 645 1947 727; baseline -0.003 -19"><span class='ocrx_word' id='word_1_40' title='bbox 351 675 448 708; x_wconf 88' lang='grc' dir='ltr'>νυν</span> <span class='ocrx_word' id='word_1_41' title='bbox 471 675 544 711; x_wconf 89' lang='grc' dir='ltr'>ως</span> <span class='ocrx_word' id='word_1_42' title='bbox 570 647 856 727; x_wconf 72' lang='grc' dir='ltr'>ἐζωγρήθη</span> <span class='ocrx_word' id='word_1_43' title='bbox 883 645 1033 724; x_wconf 81' lang='grc' dir='ltr'>αχθη</span> <span class='ocrx_word' id='word_1_44' title='bbox 1075 645 1349 727; x_wconf 72' lang='grc' dir='ltr'>ἀγόμενος</span> <span class='ocrx_word' id='word_1_45' title='bbox 1373 671 1525 722; x_wconf 89' lang='grc' dir='ltr'>παρα</span> <span class='ocrx_word' id='word_1_46' title='bbox 1550 645 1805 722; x_wconf 80' lang='grc' dir='ltr'>βασιλέα</span> <span class='ocrx_word' id='word_1_47' title='bbox 1834 653 1947 704; x_wconf 86' lang='grc' dir='ltr'>Δα-</span> 
     </span>
     <span class='ocr_line' id='line_1_9' title="bbox 346 730 1949 840; baseline -0.002 -44"><span class='ocrx_word' id='word_1_48' title='bbox 346 740 516 814; x_wconf 84' lang='grc' dir='ltr'>ρεῖον,</span> <span class='ocrx_word' id='word_1_49' title='bbox 545 763 577 795; x_wconf 94' lang='grc' dir='ltr'>ο</span> <span class='ocrx_word' id='word_1_50' title='bbox 607 736 668 794; x_wconf 83' lang='grc' dir='ltr'>δὲ</span> <span class='ocrx_word' id='word_1_51' title='bbox 693 733 807 794; x_wconf 82' lang='grc' dir='ltr'>οὔτ’</span> <span class='ocrx_word' id='word_1_52' title='bbox 836 731 904 794; x_wconf 80' lang='grc' dir='ltr'>ἂν</span> <span class='ocrx_word' id='word_1_53' title='bbox 938 735 1108 794; x_wconf 79' lang='grc' dir='ltr'>ἔπαθε</span> <span class='ocrx_word' id='word_1_54' title='bbox 1150 732 1323 794; x_wconf 82' lang='grc' dir='ltr'>κακόν</span> <span class='ocrx_word' id='word_1_55' title='bbox 1362 730 1535 804; x_wconf 78' lang='grc' dir='ltr'>ουδὲν,</span> <span class='ocrx_word' id='word_1_56' title='bbox 1564 733 1773 793; x_wconf 89' lang='grc' dir='ltr'>δοκέειν</span> <span class='ocrx_word' id='word_1_57' title='bbox 1790 735 1949 840; x_wconf 58' lang='lat' dir='ltr'>a{pa-02,</span> 
     </span>
     <span class='ocr_line' id='line_1_10' title="bbox 350 820 1950 901; baseline -0.001 -19"><span class='ocrx_word' id='word_1_58' title='bbox 350 823 534 899; x_wconf 82' lang='grc' dir='ltr'>α’πῆκέ</span> <span class='ocrx_word' id='word_1_59' title='bbox 565 821 614 882; x_wconf 86' lang='grc' dir='ltr'>τ’</span> <span class='ocrx_word' id='word_1_60' title='bbox 641 821 709 882; x_wconf 78' lang='grc' dir='ltr'>ἂν</span> <span class='ocrx_word' id='word_1_61' title='bbox 745 820 892 901; x_wconf 74' lang='grc' dir='ltr'>αὐτῷ</span> <span class='ocrx_word' id='word_1_62' title='bbox 930 821 1034 897; x_wconf 81' lang='grc' dir='ltr'>τήν</span> <span class='ocrx_word' id='word_1_63' title='bbox 1075 825 1273 896; x_wconf 83' lang='grc' dir='ltr'>αἰτίην·</span> <span class='ocrx_word' id='word_1_64' title='bbox 1316 847 1413 881; x_wconf 89' lang='grc' dir='ltr'>νυν</span> <span class='ocrx_word' id='word_1_65' title='bbox 1443 821 1506 880; x_wconf 85' lang='grc' dir='ltr'>δέ</span> <span class='ocrx_word' id='word_1_66' title='bbox 1534 846 1631 897; x_wconf 87' lang='grc' dir='ltr'>μιν</span> <span class='ocrx_word' id='word_1_67' title='bbox 1671 821 1849 881; x_wconf 83' lang='grc' dir='ltr'>αυτῶν</span> <span class='ocrx_word' id='word_1_68' title='bbox 1887 849 1950 881; x_wconf 93' lang='grc' dir='ltr'>τε</span> 
     </span>
     <span class='ocr_line' id='line_1_11' title="bbox 349 906 1951 990; baseline 0 -21"><span class='ocrx_word' id='word_1_69' title='bbox 349 911 560 971; x_wconf 76' lang='grc' dir='ltr'>τούτων</span> <span class='ocrx_word' id='word_1_70' title='bbox 603 911 796 980; x_wconf 81' lang='grc' dir='ltr'>εἵνεκα,</span> <span class='ocrx_word' id='word_1_71' title='bbox 845 909 938 968; x_wconf 85' lang='grc' dir='ltr'>καὶ</span> <span class='ocrx_word' id='word_1_72' title='bbox 983 910 1072 969; x_wconf 77' lang='grc' dir='ltr'>ἵνα</span> <span class='ocrx_word' id='word_1_73' title='bbox 1117 935 1199 985; x_wconf 86' lang='grc' dir='ltr'>μη</span> <span class='ocrx_word' id='word_1_74' title='bbox 1246 906 1532 990; x_wconf 84' lang='grc' dir='ltr'>διαφυγων</span> <span class='ocrx_word' id='word_1_75' title='bbox 1578 934 1733 971; x_wconf 70' lang='grc' dir='ltr'>αυτ-ις</span> <span class='ocrx_word' id='word_1_76' title='bbox 1776 911 1951 990; x_wconf 80' lang='grc' dir='ltr'>μέγας</span> 
     </span>
     <span class='ocr_line' id='line_1_12' title="bbox 351 995 1950 1078; baseline 0.002 -22"><span class='ocrx_word' id='word_1_77' title='bbox 351 997 505 1075; x_wconf 65' lang='grc' dir='ltr'>’παρὰ</span> <span class='ocrx_word' id='word_1_78' title='bbox 546 999 788 1075; x_wconf 77' lang='grc' dir='ltr'>βασιλέϊ</span> <span class='ocrx_word' id='word_1_79' title='bbox 829 999 1072 1078; x_wconf 87' lang='grc' dir='ltr'>γένηται,</span> <span class='ocrx_word' id='word_1_80' title='bbox 1108 995 1493 1074; x_wconf 77' lang='grc' dir='ltr'>Ἀρταφέρνης</span> <span class='ocrx_word' id='word_1_81' title='bbox 1530 1022 1593 1057; x_wconf 92' lang='grc' dir='ltr'>τε</span> <span class='ocrx_word' id='word_1_82' title='bbox 1633 996 1665 1056; x_wconf 82' lang='grc' dir='ltr'>ὁ</span> <span class='ocrx_word' id='word_1_83' title='bbox 1702 997 1950 1074; x_wconf 81' lang='grc' dir='ltr'>Σαρδίων</span> 
     </span>
     <span class='ocr_line' id='line_1_13' title="bbox 347 1083 1948 1166; baseline 0.002 -22"><span class='ocrx_word' id='word_1_84' title='bbox 347 1085 599 1166; x_wconf 80' lang='grc' dir='ltr'>ὕπαρχος</span> <span class='ocrx_word' id='word_1_85' title='bbox 626 1086 719 1145; x_wconf 84' lang='grc' dir='ltr'>καὶ</span> <span class='ocrx_word' id='word_1_86' title='bbox 755 1085 788 1144; x_wconf 80' lang='grc' dir='ltr'>ὁ</span> <span class='ocrx_word' id='word_1_87' title='bbox 815 1084 1016 1161; x_wconf 74' lang='grc' dir='ltr'>λαβῶν</span> <span class='ocrx_word' id='word_1_88' title='bbox 1042 1084 1353 1166; x_wconf 74' lang='grc' dir='ltr'>Ἅρπαγος,</span> <span class='ocrx_word' id='word_1_89' title='bbox 1382 1083 1453 1149; x_wconf 76' lang='grc' dir='ltr'>ὥς</span> <span class='ocrx_word' id='word_1_90' title='bbox 1488 1083 1717 1144; x_wconf 72' lang='grc' dir='ltr'>ἀπίκετο</span> <span class='ocrx_word' id='word_1_91' title='bbox 1748 1085 1948 1166; x_wconf 86' lang='grc' dir='ltr'>οἷγόμε-</span> 
     </span>
     <span class='ocr_line' id='line_1_14' title="bbox 350 1172 1950 1252; baseline 0.001 -19"><span class='ocrx_word' id='word_1_92' title='bbox 350 1199 442 1237; x_wconf 86' lang='grc' dir='ltr'>νος</span> <span class='ocrx_word' id='word_1_93' title='bbox 468 1179 522 1238; x_wconf 87' lang='grc' dir='ltr'>ἐς</span> <span class='ocrx_word' id='word_1_94' title='bbox 551 1174 767 1251; x_wconf 77' lang='grc' dir='ltr'>Σάρδις,</span> <span class='ocrx_word' id='word_1_95' title='bbox 796 1173 863 1233; x_wconf 79' lang='grc' dir='ltr'><em>τό</em></span> <span class='ocrx_word' id='word_1_96' title='bbox 890 1175 994 1251; x_wconf 75' lang='grc' dir='ltr'>μὲν</span> <span class='ocrx_word' id='word_1_97' title='bbox 1020 1173 1191 1233; x_wconf 77' lang='grc' dir='ltr'>αὐτοῦ</span> <span class='ocrx_word' id='word_1_98' title='bbox 1229 1177 1398 1250; x_wconf 73' lang='grc' dir='ltr'>σῶμα</span> <span class='ocrx_word' id='word_1_99' title='bbox 1434 1172 1605 1233; x_wconf 77' lang='grc' dir='ltr'>αὐτοῦ</span> <span class='ocrx_word' id='word_1_100' title='bbox 1630 1173 1803 1252; x_wconf 74' lang='grc' dir='ltr'>ταύτῃ</span> <span class='ocrx_word' id='word_1_101' title='bbox 1830 1175 1950 1234; x_wconf 84' lang='grc' dir='ltr'>α’νε-</span> 
     </span>
     <span class='ocr_line' id='line_1_15' title="bbox 351 1260 2035 1340; baseline 0.001 -18"><span class='ocrx_word' id='word_1_102' title='bbox 351 1262 703 1338; x_wconf 81' lang='grc' dir='ltr'>σταύρωσαν,</span> <span class='ocrx_word' id='word_1_103' title='bbox 723 1261 825 1337; x_wconf 76' lang='grc' dir='ltr'>τὴν</span> <span class='ocrx_word' id='word_1_104' title='bbox 847 1262 907 1320; x_wconf 85' lang='grc' dir='ltr'>δὲ</span> <span class='ocrx_word' id='word_1_105' title='bbox 926 1261 1183 1337; x_wconf 78' lang='grc' dir='ltr'>κεφαλὴν</span> <span class='ocrx_word' id='word_1_106' title='bbox 1206 1260 1637 1340; x_wconf 74' lang='grc' dir='ltr'>ταριχεύσαντες</span> <span class='ocrx_word' id='word_1_107' title='bbox 1662 1261 1951 1338; x_wconf 72' lang='grc' dir='ltr'>ἀνήνεικαν</span> <span class='ocrx_word' id='word_1_108' title='bbox 2022 1297 2035 1308; x_wconf 87' lang='grc'>·</span> 
     </span>
     <span class='ocr_line' id='line_1_16' title="bbox 350 1349 1949 1428; baseline 0.003 -22"><span class='ocrx_word' id='word_1_109' title='bbox 350 1349 502 1426; x_wconf 72' lang='grc' dir='ltr'>παρὰ</span> <span class='ocrx_word' id='word_1_110' title='bbox 542 1351 798 1426; x_wconf 82' lang='grc' dir='ltr'>βασιλέα</span> <span class='ocrx_word' id='word_1_111' title='bbox 829 1353 1069 1426; x_wconf 84' lang='grc' dir='ltr'>Δαρεῖον</span> <span class='ocrx_word' id='word_1_112' title='bbox 1096 1355 1153 1413; x_wconf 90' lang='grc' dir='ltr'>ἐς</span> <span class='ocrx_word' id='word_1_113' title='bbox 1180 1351 1395 1413; x_wconf 79' lang='grc' dir='ltr'>Σοῦσα.</span> <span class='ocrx_word' id='word_1_114' title='bbox 1478 1354 1715 1428; x_wconf 82' lang='grc' dir='ltr'>Δαρεῖος</span> <span class='ocrx_word' id='word_1_115' title='bbox 1750 1350 1810 1410; x_wconf 83' lang='grc' dir='ltr'>δὲ</span> <span class='ocrx_word' id='word_1_116' title='bbox 1848 1378 1949 1411; x_wconf 92' lang='grc' dir='ltr'>πυ-</span> 
     </span>
     <span class='ocr_line' id='line_1_17' title="bbox 352 1437 1951 1516; baseline 0.001 -20"><span class='ocrx_word' id='word_1_117' title='bbox 352 1437 586 1513; x_wconf 86' lang='grc' dir='ltr'>θόμενος</span> <span class='ocrx_word' id='word_1_118' title='bbox 606 1441 783 1497; x_wconf 84' lang='grc' dir='ltr'>ταῦτα</span> <span class='ocrx_word' id='word_1_119' title='bbox 820 1438 914 1496; x_wconf 80' lang='grc' dir='ltr'>καὶ</span> <span class='ocrx_word' id='word_1_120' title='bbox 941 1437 1406 1514; x_wconf 79' lang='grc' dir='ltr'>ἐπαιτιησάμενος</span> <span class='ocrx_word' id='word_1_121' title='bbox 1428 1437 1559 1502; x_wconf 72' lang='grc' dir='ltr'>τοῦς</span> <span class='ocrx_word' id='word_1_122' title='bbox 1581 1443 1757 1498; x_wconf 76' lang='grc' dir='ltr'>ταῦτα</span> <span class='ocrx_word' id='word_1_123' title='bbox 1790 1440 1951 1516; x_wconf 88' lang='grc' dir='ltr'>ποιή-</span> 
     </span>
     <span class='ocr_line' id='line_1_18' title="bbox 353 1524 1951 1607; baseline 0.003 -24"><span class='ocrx_word' id='word_1_124' title='bbox 353 1549 563 1588; x_wconf 86' lang='grc' dir='ltr'>σαντας</span> <span class='ocrx_word' id='word_1_125' title='bbox 610 1525 696 1584; x_wconf 85' lang='grc' dir='ltr'>ὅτι</span> <span class='ocrx_word' id='word_1_126' title='bbox 743 1551 843 1602; x_wconf 91' lang='grc' dir='ltr'>μιν</span> <span class='ocrx_word' id='word_1_127' title='bbox 884 1525 948 1585; x_wconf 79' lang='grc' dir='ltr'>οὗ</span> <span class='ocrx_word' id='word_1_128' title='bbox 992 1524 1202 1597; x_wconf 75' lang='grc' dir='ltr'>ζώοντα</span> <span class='ocrx_word' id='word_1_129' title='bbox 1240 1525 1527 1607; x_wconf 68' lang='grc' dir='ltr'>ἀνήγαγον</span> <span class='ocrx_word' id='word_1_130' title='bbox 1574 1531 1629 1590; x_wconf 94' lang='grc' dir='ltr'>ἐς</span> <span class='ocrx_word' id='word_1_131' title='bbox 1675 1525 1806 1605; x_wconf 77' lang='grc' dir='ltr'>ὄψιν</span> <span class='ocrx_word' id='word_1_132' title='bbox 1847 1527 1951 1604; x_wconf 76' lang='grc' dir='ltr'>τὴν</span> 
     </span>
     <span class='ocr_line' id='line_1_19' title="bbox 353 1611 1951 1690; baseline 0.003 -21"><span class='ocrx_word' id='word_1_133' title='bbox 353 1615 573 1682; x_wconf 81' lang='grc' dir='ltr'>ἑωυτοῦ,</span> <span class='ocrx_word' id='word_1_134' title='bbox 599 1611 705 1688; x_wconf 77' lang='grc' dir='ltr'>τὴν</span> <span class='ocrx_word' id='word_1_135' title='bbox 729 1613 986 1689; x_wconf 78' lang='grc' dir='ltr'>κεφαλὴν</span> <span class='ocrx_word' id='word_1_136' title='bbox 1010 1612 1116 1690; x_wconf 77' lang='grc' dir='ltr'>τὴν</span> <span class='ocrx_word' id='word_1_137' title='bbox 1138 1614 1407 1674; x_wconf 84' lang='grc' dir='ltr'>Ἱστιαίου</span> <span class='ocrx_word' id='word_1_138' title='bbox 1431 1613 1747 1678; x_wconf 77' lang='grc' dir='ltr'>λούσαντάς</span> <span class='ocrx_word' id='word_1_139' title='bbox 1770 1641 1834 1674; x_wconf 86' lang='grc' dir='ltr'>τε</span> <span class='ocrx_word' id='word_1_140' title='bbox 1858 1617 1951 1674; x_wconf 81' lang='grc' dir='ltr'>καὶ</span> 
     </span>
     <span class='ocr_line' id='line_1_20' title="bbox 351 1699 1949 1781; baseline 0.003 -22"><span class='ocrx_word' id='word_1_141' title='bbox 351 1700 816 1777; x_wconf 77' lang='grc' dir='ltr'>περιστείλαντας</span> <span class='ocrx_word' id='word_1_142' title='bbox 853 1700 910 1761; x_wconf 78' lang='grc' dir='ltr'>εὖ</span> <span class='ocrx_word' id='word_1_143' title='bbox 953 1704 1263 1763; x_wconf 82' lang='grc' dir='ltr'>ἐνετείλατο</span> <span class='ocrx_word' id='word_1_144' title='bbox 1305 1701 1497 1781; x_wconf 78' lang='grc' dir='ltr'>θάψαι,</span> <span class='ocrx_word' id='word_1_145' title='bbox 1528 1700 1597 1765; x_wconf 74' lang='grc' dir='ltr'>ὦς</span> <span class='ocrx_word' id='word_1_146' title='bbox 1633 1699 1831 1779; x_wconf 78' lang='grc' dir='ltr'>ἅνδρός</span> <span class='ocrx_word' id='word_1_147' title='bbox 1854 1729 1949 1780; x_wconf 71' lang='grc' dir='ltr'>με·</span> 
     </span>
     <span class='ocr_line' id='line_1_21' title="bbox 348 1787 1951 1871; baseline 0.002 -24"><span class='ocrx_word' id='word_1_148' title='bbox 348 1787 542 1869; x_wconf 76' lang='grc' dir='ltr'>γάλως</span> <span class='ocrx_word' id='word_1_149' title='bbox 583 1792 761 1869; x_wconf 73' lang='grc' dir='ltr'>ἑωυτῷ</span> <span class='ocrx_word' id='word_1_150' title='bbox 800 1816 864 1850; x_wconf 90' lang='grc' dir='ltr'>τε</span> <span class='ocrx_word' id='word_1_151' title='bbox 905 1791 1000 1849; x_wconf 84' lang='grc' dir='ltr'>καὶ</span> <span class='ocrx_word' id='word_1_152' title='bbox 1035 1792 1301 1871; x_wconf 78' lang='grc' dir='ltr'>Πέρσῃσι</span> <span class='ocrx_word' id='word_1_153' title='bbox 1344 1788 1655 1871; x_wconf 71' lang='grc' dir='ltr'>εὐεργέτεω.</span> <span class='ocrx_word' id='word_1_154' title='bbox 1733 1789 1807 1850; x_wconf 79' lang='grc' dir='ltr'>τοὶ</span> <span class='ocrx_word' id='word_1_155' title='bbox 1847 1794 1951 1866; x_wconf 81' lang='grc' dir='ltr'>μὲν</span> 
     </span>
     <span class='ocr_line' id='line_1_22' title="bbox 346 1876 1158 1959; baseline 0.005 -24"><span class='ocrx_word' id='word_1_156' title='bbox 346 1877 480 1955; x_wconf 83' lang='grc' dir='ltr'>περὶ</span> <span class='ocrx_word' id='word_1_157' title='bbox 517 1876 786 1939; x_wconf 84' lang='grc' dir='ltr'>Ἱστιαῖον</span> <span class='ocrx_word' id='word_1_158' title='bbox 825 1878 966 1939; x_wconf 80' lang='grc' dir='ltr'>οὕτω</span> <span class='ocrx_word' id='word_1_159' title='bbox 1002 1881 1158 1959; x_wconf 79' lang='grc' dir='ltr'>ἔσχε.</span> 
     </span>
    </p>

    <p class='ocr_par' dir='ltr' id='par_1_3' title="bbox 350 1965 2039 2308">
     <span class='ocr_line' id='line_1_23' title="bbox 431 1965 2039 2045; baseline 0 -20"><span class='ocrx_word' id='word_1_160' title='bbox 431 1965 500 2025; x_wconf 78' lang='lat' dir='ltr'>‘O</span> <span class='ocrx_word' id='word_1_161' title='bbox 547 1966 607 2026; x_wconf 82' lang='grc' dir='ltr'>δὲ</span> <span class='ocrx_word' id='word_1_162' title='bbox 653 1966 907 2031; x_wconf 72' lang='grc' dir='ltr'>ναυτικὰς</span> <span class='ocrx_word' id='word_1_163' title='bbox 953 1969 1196 2045; x_wconf 83' lang='grc' dir='ltr'>στρατός</span> <span class='ocrx_word' id='word_1_164' title='bbox 1242 1994 1273 2027; x_wconf 94' lang='grc' dir='ltr'>ο</span> <span class='ocrx_word' id='word_1_165' title='bbox 1316 1966 1587 2045; x_wconf 88' lang='grc' dir='ltr'>Περσέων</span> <span class='ocrx_word' id='word_1_166' title='bbox 1626 1966 1953 2045; x_wconf 84' lang='grc' dir='ltr'>χειμερίσας</span> <span class='ocrx_word' id='word_1_167' title='bbox 1969 1968 2039 2025; x_wconf 89' lang='lat'>31</span> 
     </span>
     <span class='ocr_line' id='line_1_24' title="bbox 350 2053 1967 2135; baseline 0.001 -23"><span class='ocrx_word' id='word_1_168' title='bbox 350 2054 480 2131; x_wconf 84' lang='grc' dir='ltr'>περὶ</span> <span class='ocrx_word' id='word_1_169' title='bbox 511 2056 788 2131; x_wconf 87' lang='grc' dir='ltr'>Μίλητον,</span> <span class='ocrx_word' id='word_1_170' title='bbox 814 2059 894 2134; x_wconf 73' lang='grc' dir='ltr'>τῷ</span> <span class='ocrx_word' id='word_1_171' title='bbox 936 2055 1169 2135; x_wconf 83' lang='grc' dir='ltr'>δευτέρω</span> <span class='ocrx_word' id='word_1_172' title='bbox 1206 2056 1315 2115; x_wconf 79' lang='grc' dir='ltr'>ἔτεϊ</span> <span class='ocrx_word' id='word_1_173' title='bbox 1352 2054 1422 2117; x_wconf 77' lang='grc' dir='ltr'>ὥς</span> <span class='ocrx_word' id='word_1_174' title='bbox 1464 2053 1758 2115; x_wconf 76' lang='grc' dir='ltr'>ἀνέπλωσε</span> <span class='ocrx_word' id='word_1_175' title='bbox 1798 2055 1967 2132; x_wconf 84' lang='grc' dir='ltr'>αἱρέει</span> 
     </span>
     <span class='ocr_line' id='line_1_25' title="bbox 354 2141 1949 2221; baseline 0.002 -20"><span class='ocrx_word' id='word_1_176' title='bbox 354 2141 616 2207; x_wconf 77' lang='grc' dir='ltr'>εὐπετέως</span> <span class='ocrx_word' id='word_1_177' title='bbox 649 2144 750 2206; x_wconf 78' lang='grc' dir='ltr'>τὰς</span> <span class='ocrx_word' id='word_1_178' title='bbox 786 2143 996 2220; x_wconf 86' lang='grc' dir='ltr'>νήσους</span> <span class='ocrx_word' id='word_1_179' title='bbox 1028 2169 1130 2207; x_wconf 85' lang='grc' dir='ltr'>τας</span> <span class='ocrx_word' id='word_1_180' title='bbox 1165 2143 1307 2221; x_wconf 73' lang='grc' dir='ltr'>πρὸς</span> <span class='ocrx_word' id='word_1_181' title='bbox 1329 2147 1400 2220; x_wconf 79' lang='grc' dir='ltr'>τῇ</span> <span class='ocrx_word' id='word_1_182' title='bbox 1436 2141 1649 2221; x_wconf 84' lang='grc' dir='ltr'>ήπείρω</span> <span class='ocrx_word' id='word_1_183' title='bbox 1682 2143 1949 2219; x_wconf 85' lang='grc' dir='ltr'>κειμένας,</span> 
     </span>
     <span class='ocr_line' id='line_1_26' title="bbox 351 2229 1948 2308; baseline 0.001 -19"><span class='ocrx_word' id='word_1_184' title='bbox 351 2230 494 2291; x_wconf 88' lang='grc' dir='ltr'>Χίον</span> <span class='ocrx_word' id='word_1_185' title='bbox 522 2232 614 2290; x_wconf 84' lang='grc' dir='ltr'>καὶ</span> <span class='ocrx_word' id='word_1_186' title='bbox 639 2233 876 2308; x_wconf 86' lang='grc' dir='ltr'>Λέσβον</span> <span class='ocrx_word' id='word_1_187' title='bbox 903 2233 996 2291; x_wconf 81' lang='grc' dir='ltr'>καὶ</span> <span class='ocrx_word' id='word_1_188' title='bbox 1021 2232 1273 2293; x_wconf 69' lang='grc' dir='ltr'>Τένεδον.</span> <span class='ocrx_word' id='word_1_189' title='bbox 1356 2229 1493 2294; x_wconf 82' lang='grc' dir='ltr'>ὅκως</span> <span class='ocrx_word' id='word_1_190' title='bbox 1520 2232 1579 2289; x_wconf 83' lang='grc' dir='ltr'>δὲ</span> <span class='ocrx_word' id='word_1_191' title='bbox 1605 2231 1783 2307; x_wconf 83' lang='grc' dir='ltr'>λα’βοι</span> <span class='ocrx_word' id='word_1_192' title='bbox 1822 2258 1948 2290; x_wconf 90' lang='grc' dir='ltr'>τινα</span> 
     </span>
    </p>
   </div>
   <div class='ocr_carea' id='block_1_3' title="bbox 352 2318 1951 2426">
    <p class='ocr_par' dir='ltr' id='par_1_4' title="bbox 352 2318 1951 2426">
     <span class='ocr_line' id='line_1_27' title="bbox 352 2318 1951 2415; baseline 0 -39"><span class='ocrx_word' id='word_1_193' title='bbox 352 2344 462 2376; x_wconf 89' lang='grc' dir='ltr'>των</span> <span class='ocrx_word' id='word_1_194' title='bbox 488 2318 688 2393; x_wconf 84' lang='grc' dir='ltr'>νήσων,</span> <span class='ocrx_word' id='word_1_195' title='bbox 719 2318 789 2381; x_wconf 81' lang='grc' dir='ltr'>ὦς</span> <span class='ocrx_word' id='word_1_196' title='bbox 817 2318 1058 2395; x_wconf 76' lang='grc' dir='ltr'>ἑκάστην</span> <span class='ocrx_word' id='word_1_197' title='bbox 1091 2320 1388 2415; x_wconf 33' lang='grc' dir='ltr'>αἷρέοντεςι</span> <span class='ocrx_word' id='word_1_198' title='bbox 1406 2322 1459 2377; x_wconf 80' lang='grc' dir='ltr'>οἱ</span> <span class='ocrx_word' id='word_1_199' title='bbox 1488 2318 1781 2395; x_wconf 85' lang='grc' dir='ltr'>βαρβαροι</span> <span class='ocrx_word' id='word_1_200' title='bbox 1822 2323 1951 2377; x_wconf 86' lang='grc' dir='ltr'>ἐσα-</span> 
     </span>
     <span class='ocr_line' id='line_1_28' title="bbox 1410 2405 1427 2426; baseline 0 0"><span class='ocrx_word' id='word_1_201' title='bbox 1410 2405 1427 2426; x_wconf 76' lang='grc' dir='ltr'><em>Ι</em></span> 
     </span>
    </p>
   </div>
   <div class='ocr_carea' id='block_1_4' title="bbox 345 2403 2043 3361">
    <p class='ocr_par' dir='ltr' id='par_1_5' title="bbox 345 2403 2043 3361">
     <span class='ocr_line' id='line_1_29' title="bbox 350 2403 1971 2487; baseline 0.001 -24.004"><span class='ocrx_word' id='word_1_202' title='bbox 350 2403 588 2483; x_wconf 81' lang='grc' dir='ltr'>γήνευον</span> <span class='ocrx_word' id='word_1_203' title='bbox 605 2430 736 2468; x_wconf 89' lang='grc' dir='ltr'>τους</span> <span class='ocrx_word' id='word_1_204' title='bbox 760 2404 1100 2481; x_wconf 71' lang='grc' dir='ltr'>ἀνθρώπους.</span> <span class='ocrx_word' id='word_1_205' title='bbox 1155 2408 1556 2487; x_wconf 88' lang='grc' dir='ltr'>(σαγηνευουσι</span> <span class='ocrx_word' id='word_1_206' title='bbox 1584 2407 1643 2465; x_wconf 82' lang='grc' dir='ltr'>δὲ</span> <span class='ocrx_word' id='word_1_207' title='bbox 1668 2406 1827 2467; x_wconf 87' lang='grc' dir='ltr'>τόνδε</span> <span class='ocrx_word' id='word_1_208' title='bbox 1850 2406 1971 2465; x_wconf 80' lang='grc' dir='ltr'>τόν-</span> 
     </span>
     <span class='ocr_line' id='line_1_30' title="bbox 352 2489 1950 2573; baseline 0.001 -22"><span class='ocrx_word' id='word_1_209' title='bbox 352 2489 583 2568; x_wconf 85' lang='grc' dir='ltr'>τρόπον·</span> <span class='ocrx_word' id='word_1_210' title='bbox 623 2492 764 2571; x_wconf 75' lang='grc' dir='ltr'>ἅνηρ</span> <span class='ocrx_word' id='word_1_211' title='bbox 809 2492 1008 2570; x_wconf 87' lang='grc' dir='ltr'>ανδρος</span> <span class='ocrx_word' id='word_1_212' title='bbox 1049 2493 1333 2573; x_wconf 83' lang='grc' dir='ltr'>αψοῖμενος</span> <span class='ocrx_word' id='word_1_213' title='bbox 1373 2499 1473 2569; x_wconf 81' lang='grc' dir='ltr'>τῆς</span> <span class='ocrx_word' id='word_1_214' title='bbox 1514 2494 1715 2573; x_wconf 73' lang='grc' dir='ltr'>χειρὸς,</span> <span class='ocrx_word' id='word_1_215' title='bbox 1753 2498 1813 2553; x_wconf 85' lang='grc' dir='ltr'>ἐκ</span> <span class='ocrx_word' id='word_1_216' title='bbox 1854 2494 1950 2553; x_wconf 81' lang='grc' dir='ltr'>θα-</span> 
     </span>
     <span class='ocr_line' id='line_1_31' title="bbox 352 2578 1950 2659; baseline 0.002 -21"><span class='ocrx_word' id='word_1_217' title='bbox 352 2578 582 2655; x_wconf 82' lang='grc' dir='ltr'>λάσσης</span> <span class='ocrx_word' id='word_1_218' title='bbox 622 2585 723 2657; x_wconf 77' lang='grc' dir='ltr'>τῆς</span> <span class='ocrx_word' id='word_1_219' title='bbox 761 2582 1003 2659; x_wconf 67' lang='grc' dir='ltr'>βορηίης</span> <span class='ocrx_word' id='word_1_220' title='bbox 1046 2583 1139 2641; x_wconf 85' lang='grc' dir='ltr'>ἐπὶ</span> <span class='ocrx_word' id='word_1_221' title='bbox 1180 2582 1284 2657; x_wconf 77' lang='grc' dir='ltr'>τὴν</span> <span class='ocrx_word' id='word_1_222' title='bbox 1321 2583 1509 2658; x_wconf 88' lang='grc' dir='ltr'>νοτίην</span> <span class='ocrx_word' id='word_1_223' title='bbox 1549 2581 1819 2658; x_wconf 88' lang='grc' dir='ltr'>διήκουσι,</span> <span class='ocrx_word' id='word_1_224' title='bbox 1858 2583 1950 2641; x_wconf 86' lang='grc' dir='ltr'>καὶ</span> 
     </span>
     <span class='ocr_line' id='line_1_32' title="bbox 353 2668 2040 2747; baseline 0 -22"><span class='ocrx_word' id='word_1_225' title='bbox 353 2668 544 2726; x_wconf 81' lang='grc' dir='ltr'>ἔπειτα</span> <span class='ocrx_word' id='word_1_226' title='bbox 569 2668 658 2727; x_wconf 73' lang='grc' dir='ltr'>διὰ</span> <span class='ocrx_word' id='word_1_227' title='bbox 683 2696 872 2747; x_wconf 83' lang='grc' dir='ltr'>πασης</span> <span class='ocrx_word' id='word_1_228' title='bbox 897 2674 999 2746; x_wconf 84' lang='grc' dir='ltr'>τῆς</span> <span class='ocrx_word' id='word_1_229' title='bbox 1025 2670 1205 2745; x_wconf 84' lang='grc' dir='ltr'>νήσου</span> <span class='ocrx_word' id='word_1_230' title='bbox 1232 2670 1542 2747; x_wconf 88' lang='grc' dir='ltr'>διέρχονται</span> <span class='ocrx_word' id='word_1_231' title='bbox 1568 2669 1952 2746; x_wconf 76' lang='grc' dir='ltr'>ἐκθηρεύοντες</span> <span class='ocrx_word' id='word_1_232' title='bbox 2032 2713 2040 2725; x_wconf 81' lang='lat'><em>‚</em></span> 
     </span>
     <span class='ocr_line' id='line_1_33' title="bbox 348 2755 1949 2867; baseline -0.001 -52"><span class='ocrx_word' id='word_1_233' title='bbox 348 2781 482 2819; x_wconf 87' lang='grc' dir='ltr'>τους</span> <span class='ocrx_word' id='word_1_234' title='bbox 517 2755 878 2839; x_wconf 78' lang='grc' dir='ltr'>ανθρώπους.)</span> <span class='ocrx_word' id='word_1_235' title='bbox 961 2759 1147 2835; x_wconf 81' lang='grc' dir='ltr'>αἵρεον</span> <span class='ocrx_word' id='word_1_236' title='bbox 1184 2758 1243 2816; x_wconf 84' lang='grc' dir='ltr'>δὲ</span> <span class='ocrx_word' id='word_1_237' title='bbox 1280 2758 1372 2816; x_wconf 86' lang='grc' dir='ltr'>καὶ</span> <span class='ocrx_word' id='word_1_238' title='bbox 1409 2758 1510 2820; x_wconf 84' lang='grc' dir='ltr'>τοὶς</span> <span class='ocrx_word' id='word_1_239' title='bbox 1550 2762 1608 2816; x_wconf 85' lang='grc' dir='ltr'>ἐν</span> <span class='ocrx_word' id='word_1_240' title='bbox 1638 2762 1711 2835; x_wconf 84' lang='grc' dir='ltr'>τῇ</span> <span class='ocrx_word' id='word_1_241' title='bbox 1744 2755 1949 2867; x_wconf 79' lang='grc' dir='ltr'>ἠπείρῳ</span> 
     </span>
     <span class='ocr_line' id='line_1_34' title="bbox 348 2842 1949 2923; baseline -0.001 -22"><span class='ocrx_word' id='word_1_242' title='bbox 348 2842 556 2906; x_wconf 88' lang='grc' dir='ltr'>πόλιας</span> <span class='ocrx_word' id='word_1_243' title='bbox 590 2844 898 2909; x_wconf 57' lang='grc' dir='ltr'>τάςὲἸοίδας</span> <span class='ocrx_word' id='word_1_244' title='bbox 931 2872 1073 2906; x_wconf 88' lang='grc' dir='ltr'>κατα</span> <span class='ocrx_word' id='word_1_245' title='bbox 1109 2846 1184 2905; x_wconf 82' lang='grc' dir='ltr'>τοὶ</span> <span class='ocrx_word' id='word_1_246' title='bbox 1224 2844 1383 2905; x_wconf 78' lang='grc' dir='ltr'>αυτά·</span> <span class='ocrx_word' id='word_1_247' title='bbox 1424 2845 1579 2921; x_wconf 89' lang='grc' dir='ltr'>πλην</span> <span class='ocrx_word' id='word_1_248' title='bbox 1610 2844 1710 2903; x_wconf 79' lang='grc' dir='ltr'>οὐκ</span> <span class='ocrx_word' id='word_1_249' title='bbox 1746 2842 1949 2923; x_wconf 85' lang='grc' dir='ltr'>ἐσαγή-</span> 
     </span>
     <span class='ocr_line' id='line_1_35' title="bbox 348 2931 2043 3014; baseline -0.001 -23"><span class='ocrx_word' id='word_1_250' title='bbox 348 2956 522 2997; x_wconf 87' lang='grc' dir='ltr'>νευον</span> <span class='ocrx_word' id='word_1_251' title='bbox 537 2957 666 2994; x_wconf 87' lang='grc' dir='ltr'>τους</span> <span class='ocrx_word' id='word_1_252' title='bbox 696 2932 1034 3011; x_wconf 68' lang='grc' dir='ltr'>ἀνθρώπους·</span> <span class='ocrx_word' id='word_1_253' title='bbox 1079 2958 1144 2993; x_wconf 92' lang='grc' dir='ltr'>ου</span> <span class='ocrx_word' id='word_1_254' title='bbox 1170 2959 1280 3014; x_wconf 89' lang='grc' dir='ltr'>γαρ</span> <span class='ocrx_word' id='word_1_255' title='bbox 1309 2932 1401 2992; x_wconf 82' lang='grc' dir='ltr'>οἶα</span> <span class='ocrx_word' id='word_1_256' title='bbox 1425 2932 1474 2991; x_wconf 88' lang='grc' dir='ltr'>τ’</span> <span class='ocrx_word' id='word_1_257' title='bbox 1499 2932 1588 3008; x_wconf 85' lang='grc' dir='ltr'>ἦν.</span> <span class='ocrx_word' id='word_1_258' title='bbox 1670 2931 1945 2991; x_wconf 84' lang='grc' dir='ltr'>Ἐνθαῦτα</span> <span class='ocrx_word' id='word_1_259' title='bbox 1964 2934 2043 2989; x_wconf 83' lang='grc'>32</span> 
     </span>
     <span class='ocr_line' id='line_1_36' title="bbox 349 3017 1955 3103; baseline -0.001 -27"><span class='ocrx_word' id='word_1_260' title='bbox 349 3020 622 3094; x_wconf 85' lang='grc' dir='ltr'>Περσέων</span> <span class='ocrx_word' id='word_1_261' title='bbox 659 3024 711 3079; x_wconf 81' lang='grc' dir='ltr'>οἶ</span> <span class='ocrx_word' id='word_1_262' title='bbox 754 3023 1064 3103; x_wconf 83' lang='grc' dir='ltr'>στρατηγοὶ</span> <span class='ocrx_word' id='word_1_263' title='bbox 1106 3021 1205 3079; x_wconf 80' lang='grc' dir='ltr'>οὐκ</span> <span class='ocrx_word' id='word_1_264' title='bbox 1244 3020 1553 3100; x_wconf 79' lang='grc' dir='ltr'>ἐψεύσαντο</span> <span class='ocrx_word' id='word_1_265' title='bbox 1585 3017 1687 3081; x_wconf 75' lang='grc' dir='ltr'>τοὶς</span> <span class='ocrx_word' id='word_1_266' title='bbox 1718 3017 1955 3081; x_wconf 71' lang='grc' dir='ltr'>ἀπειλὰς</span> 
     </span>
     <span class='ocr_line' id='line_1_37' title="bbox 351 3106 1953 3184; baseline -0.001 -18"><span class='ocrx_word' id='word_1_267' title='bbox 351 3107 450 3169; x_wconf 84' lang='grc' dir='ltr'>τοὶς</span> <span class='ocrx_word' id='word_1_268' title='bbox 493 3110 884 3184; x_wconf 81' lang='grc' dir='ltr'>ἐπηπείλησαν</span> <span class='ocrx_word' id='word_1_269' title='bbox 929 3114 1082 3169; x_wconf 85' lang='grc' dir='ltr'>τοῖσι</span> <span class='ocrx_word' id='word_1_270' title='bbox 1118 3109 1281 3168; x_wconf 88' lang='grc' dir='ltr'>Ἴωσι</span> <span class='ocrx_word' id='word_1_271' title='bbox 1321 3106 1953 3183; x_wconf 86' lang='grc' dir='ltr'>στρατοπεδευομένοισι</span> 
     </span>
     <span class='ocr_line' id='line_1_38' title="bbox 349 3192 1948 3279; baseline -0.002 -24"><span class='ocrx_word' id='word_1_272' title='bbox 349 3196 570 3256; x_wconf 84' lang='grc' dir='ltr'>ἐναντία</span> <span class='ocrx_word' id='word_1_273' title='bbox 602 3197 800 3273; x_wconf 86' lang='grc' dir='ltr'>σφίσι·</span> <span class='ocrx_word' id='word_1_274' title='bbox 843 3198 915 3261; x_wconf 78' lang='grc' dir='ltr'>ὥς</span> <span class='ocrx_word' id='word_1_275' title='bbox 940 3197 1050 3279; x_wconf 73' lang='grc' dir='ltr'>γὰρ</span> <span class='ocrx_word' id='word_1_276' title='bbox 1077 3197 1147 3273; x_wconf 76' lang='grc' dir='ltr'>δή</span> <span class='ocrx_word' id='word_1_277' title='bbox 1175 3195 1560 3273; x_wconf 78' lang='grc' dir='ltr'>ἐπεκράτησαν</span> <span class='ocrx_word' id='word_1_278' title='bbox 1584 3196 1694 3252; x_wconf 79' lang='grc' dir='ltr'>τῶν</span> <span class='ocrx_word' id='word_1_279' title='bbox 1720 3192 1948 3263; x_wconf 82' lang='grc' dir='ltr'>πολίων,</span> 
     </span>
     <span class='ocr_line' id='line_1_39' title="bbox 345 3280 1951 3361; baseline -0.001 -19"><span class='ocrx_word' id='word_1_280' title='bbox 345 3284 554 3353; x_wconf 65' lang='grc' dir='ltr'>παῖδάς</span> <span class='ocrx_word' id='word_1_281' title='bbox 573 3312 637 3344; x_wconf 89' lang='grc' dir='ltr'>τε</span> <span class='ocrx_word' id='word_1_282' title='bbox 660 3286 792 3349; x_wconf 81' lang='grc' dir='ltr'>τούς</span> <span class='ocrx_word' id='word_1_283' title='bbox 817 3285 1232 3346; x_wconf 75' lang='grc' dir='ltr'>εὐειδεστάτους</span> <span class='ocrx_word' id='word_1_284' title='bbox 1258 3280 1617 3361; x_wconf 81' lang='grc' dir='ltr'>ἐκλεγόμενοι</span> <span class='ocrx_word' id='word_1_285' title='bbox 1657 3280 1951 3357; x_wconf 82' lang='grc' dir='ltr'>ἐξέταμνον</span> 
     </span>
    </p>
   </div>
  </div>
 </body>
</html>
