2259 3500
384 88 640 153 98-101]
1064 86 1293 139 num.
1919 88 1980 139 99

383 170 739 247 ἐλάμβανον·
786 168 861 233 ὥς
898 168 960 228 δὲ
997 169 1394 246 περιπλέοντες
1427 166 1532 233 τὰς
1561 168 1769 245 νήσους
1805 194 1983 247 προσ·-

384 260 560 337 έσ·χον
598 258 691 316 καὶ
717 262 772 321 ἐς
798 254 1117 333 Κάρυστον,
1155 254 1246 337 (οὗ
1281 256 1391 337 γὰρ
1435 255 1505 333 δή
1547 262 1660 333 σφι
1703 260 1756 316 οἶ
1797 255 1983 335 Καρύ-

383 371 537 405 στιοι
564 344 689 404 οὔτε
716 343 961 421 ὁμήρους
987 344 1245 404 ἐδίδοσαν
1285 343 1412 403 οὔτε
1453 346 1674 421 ἔφασαν
1701 343 1792 403 ἐπὶ
1818 343 1985 407 πόλις

384 432 781 515 ἀστυγείτονας
824 432 1248 509 στρατεύεσθαι,
1291 432 1550 512 λέγοντες
1589 430 1876 509 Ἐρέτριάν
1921 458 1985 491 τε

386 520 477 579 καὶ
518 519 800 599 Ἀθήνας,)
844 520 1081 579 ἐνθαῦτα
1120 518 1351 581 τούτους
1393 516 1752 595 ἐπολιόρκεόν
1793 544 1856 579 τε
1891 518 1984 577 καὶ

381 608 486 685 τήν
509 612 618 690 γῆν
644 608 839 683 σφέων
866 608 1091 684 ἔκειρον,
1120 610 1177 669 ἐς
1217 604 1249 666 ὃ
1285 606 1378 664 καὶ
1418 607 1472 664 οἱ
1496 605 1810 682 Καρύστιοι
1842 632 1982 683 παρ-

384 696 635 771 έστησαν
662 701 717 759 ἐς
741 699 852 756 τῶν
878 695 1148 771 Περσέων
1172 692 1277 769 τὴν
1315 692 1558 773 γνώμην.
1638 692 1942 771 Ἐρετριέες
1961 696 2076 754 100

383 782 444 841 δὲ
484 782 887 860 πυνθανόμενοι
938 781 1045 858 τὴν
1090 780 1362 858 στρατιὴν
1401 780 1506 857 τήν
1549 781 1840 857 Περσικήν
1888 783 1979 840 ἐπὶ

384 870 569 945 σφέας
623 872 1019 939 ἐπιπλέουσαν,
1072 868 1381 944 Ἀθηναίων
1443 867 1752 945 ἐδεήθησαν
1804 867 1981 944 σφίσι

380 955 630 1032 βοηθοῧς
668 958 953 1037 γενέσθαι·
991 955 1282 1032 Ἀθηναῖοι
1309 956 1368 1015 δὲ
1395 954 1496 1014 οὐκ
1535 953 1842 1015 ἀπείπαντο
1877 954 1982 1031 τήν

382 1044 714 1121 ἐπικουρίην,
741 1044 897 1104 ἀλλὰ
926 1044 1056 1108 τούς
1094 1042 1577 1121 τετρακισχιλίους
1613 1043 1981 1122 κληρουχέον-

379 1156 479 1195 τας
504 1135 614 1192 τῶν
644 1133 1001 1208 ἱπποβοτέων
1027 1132 1354 1192 Χαλκιδέων
1383 1130 1488 1206 τὴν
1518 1129 1720 1210 χώρην,
1750 1130 1981 1194 τούτους

381 1224 492 1295 σφι
534 1219 754 1279 διδοῦσι
794 1218 1083 1297 τιμωρούς·
1130 1222 1242 1280 τῶν
1287 1219 1348 1278 δὲ
1391 1216 1713 1296 Ἐρετριέων
1759 1216 1830 1294 ἦν
1869 1216 1980 1295 ἄρα

380 1304 537 1366 οὐδὲν
576 1304 726 1387 ὖγιὲς
765 1307 1079 1385 βούλευμα·
1123 1306 1178 1365 οἳ
1217 1307 1640 1383 μετεπέμποντο
1673 1308 1778 1382 μὲν
1811 1304 1977 1381 Ἀθη-

380 1393 580 1463 ναίους,
610 1394 877 1472 ἐφρόνεον
912 1394 973 1454 δὲ
1004 1395 1274 1469 διφασίας
1315 1394 1478 1457 ἰδέας·
1521 1396 1576 1453 οἶ
1604 1395 1710 1469 μὲν
1733 1392 1843 1474 γὰρ
1883 1392 1977 1452 αὖ·

378 1483 489 1540 τῶν
524 1480 897 1556 ἐβουλεύοντο
925 1484 1174 1541 ἐκλιπεῖν
1196 1481 1302 1556 τήν
1326 1480 1498 1541 πόλιν
1525 1485 1580 1544 ἐς
1604 1480 1676 1540 ταῖ
1704 1479 1847 1557 ἄκρα
1872 1484 1974 1556 τῆς

378 1567 647 1645 Εὐβοίης,
674 1568 846 1628 ἄλλοι
872 1569 932 1627 δὲ
958 1568 1137 1628 αὐτῶν
1161 1568 1274 1628 ἴδια
1316 1568 1510 1645 κέρδεα
1539 1568 1978 1645 προσδεκόμενοι

378 1655 530 1733 παρὰ
554 1659 657 1716 τοῦ
685 1657 923 1733 Πέρσεω
950 1656 1230 1724 οἴσεσθαι,
1257 1654 1566 1732 προδοσίην
1594 1654 1975 1725 ἐσκευάζοντο·

378 1744 572 1821 μαθων
598 1744 659 1804 δὲ
682 1744 892 1806 τούτων
917 1743 1150 1821 ἑκάτερα
1186 1741 1256 1807 ὥς
1282 1742 1398 1822 εἶχε
1423 1742 1696 1822 Αἰσχίνης
1722 1740 1757 1801 ὅ
1784 1740 1977 1802 Νόθω-

378 1857 488 1904 νος,
534 1833 637 1894 ἐῶν
682 1837 794 1895 τῶν
832 1832 1154 1911 Ἐρετριέων
1199 1831 1272 1891 ταῖ
1317 1834 1526 1908 πρῶτα,
1576 1829 1774 1906 φράζει
1809 1827 1978 1888 ’τοῖσι

376 1919 581 1996 ἥκουσι
636 1926 748 1982 τῶν
798 1921 1107 1997 Ἀθηναίων
1166 1919 1350 1980 πάντα
1401 1917 1474 1978 τὰ
1525 1915 1806 1994 παρεόντα
1865 1922 1978 1992 σφι

379 2007 684 2090 πρήγματα
723 2008 1059 2088 προσεδέετό
1082 2034 1146 2068 τε
1172 2005 1663 2066 ἅπαλλάσσεσθαί
1697 2011 1882 2080 σφεας
1922 2009 1977 2068 ἐς

376 2095 482 2170 τήν
521 2099 803 2174 σφετέρην
845 2099 933 2157 ἵνα
971 2094 1054 2174 μή
1094 2093 1588 2173 προσαπόλωνται·
1629 2095 1682 2152 οἱ
1713 2093 1774 2152 δὲ
1810 2091 1977 2168 Ἀθη-

378 2187 523 2241 ναῖοι
546 2188 725 2244 ταῦτα
750 2186 994 2264 Αἰσχίνῃ
1016 2181 1515 2259 συμβουλεύσαντι
1541 2181 1845 2240 πείθονται·
1884 2181 1976 2238 καὶ

382 2266 534 2327 οὗτοι
568 2273 672 2345 μὲν
708 2271 1001 2346 διαβάντες
1038 2275 1093 2334 ἐς
1124 2268 1382 2346 Ὠρωπόν
1414 2268 1621 2338 ἔσωζον
1657 2267 1841 2343 σφέας
1877 2266 1971 2325 αὖ-

380 2353 525 2416 τούς.
612 2360 686 2415 Οἱ
722 2357 781 2415 δὲ
813 2357 1035 2432 Πέρσαι
1064 2358 1333 2419 πλέοντες
1365 2354 1643 2433 κατέσχον
1678 2353 1777 2417 τὰς
1812 2355 1937 2416 νέας
1957 2355 2067 2413 101

380 2444 481 2514 Τῆς
503 2440 824 2520 Ἐρετρικῆς
847 2443 1031 2522 χώρης
1057 2443 1199 2504 κατοῖ
1224 2441 1483 2520 Ταμύνας
1509 2442 1600 2500 καὶ
1610 2442 1860 2522 ,Χοιρέας
1887 2441 1978 2500 καὶ

382 2530 631 2613 Αἰγίλια·
687 2531 1062 2610 κατασχόντες
1108 2532 1169 2590 δὲ
1213 2535 1390 2591 ταῦτα
1427 2529 1498 2590 τὰ
1538 2529 1732 2608 χωρία,
1781 2527 1979 2588 αὐτίκα

383 2614 583 2679 ἵππους
596 2643 659 2676 τε
686 2617 1083 2693 ἐξεβάλλοντο,
1101 2617 1194 2676 καὶ
1213 2616 1694 2703 παρεσκετῄζοντο
1715 2615 1786 2679 ὦς
1801 2641 1979 2692 προσ-

381 2702 667 2779 οισόμενοι
704 2709 859 2765 τοῖσι
896 2706 1179 2784 ἐχθροῖσι·
1227 2707 1282 2764 οἱ
1321 2703 1380 2762 δὲ
1415 2703 1718 2781 Ἐρετριέες
1755 2703 1976 2770 ἐπεξελ-

380 2787 496 2848 θεῖν
547 2792 652 2866 μὲν
698 2793 789 2850 καὶ
835 2791 1123 2870 μάχεσθαι
1171 2790 1271 2851 οὐκ
1318 2795 1601 2851 ἐποιεῦντο
1641 2787 1883 2866 βουλήν·
1927 2789 1979 2847 εἴ

378 2901 483 2939 κως
525 2876 585 2936 δὲ
629 2878 1031 2954 διαφυλάξαιεν
1060 2878 1132 2940 ταῖ
1168 2879 1374 2958 τείχεα,
1414 2876 1614 2937 τούτου
1655 2880 1768 2950 σφι
1808 2875 1974 2951 ἔμελε

375 2963 521 3040 πέρι,
551 2966 675 3024 ἐπεί
695 2990 758 3025 τε
789 2965 941 3026 ἐνίκα
972 2966 1053 3044 μή
1082 2969 1333 3026 ἐκλιπεῖν
1356 2963 1464 3041 τήν
1488 2963 1678 3023 πόλιν·
1708 2963 1974 3038 προσβο-

374 3053 483 3126 λῆς
522 3052 583 3112 δὲ
621 3053 912 3135 γινομένης
952 3057 1220 3132 καρτερῆς
1258 3051 1399 3130 πρός
1421 3052 1490 3112 τὰ
1514 3055 1714 3130 τεῖχος,
1747 3050 2001 3109 ἔπιπτονἱ

376 3139 470 3198 ἐπὶ
497 3140 561 3209 ἐξ
582 3141 795 3220 ἡμέρας
820 3142 1033 3200 πολλοὶ
1058 3144 1164 3220 μὲν
1189 3140 1542 3217 ἀμφοτέρων·
1572 3141 1645 3214 τῇ
1673 3137 1732 3196 δὲ
1759 3133 1978 3214 ἐβδόμῃ

372 3227 687 3307 Εὔφορβός
724 3255 787 3289 τε
814 3227 848 3289 ὁ
871 3227 1226 3306 Ἀλκιμάχου
1257 3227 1350 3286 καὶ
1375 3225 1658 3305 Φίλαγρος
1684 3223 1716 3283 ὁ
1743 3223 1970 3292 Κυνέου,
