2259 3500
408 86 621 152 17-201
1044 86 1420 137 non-mnu.
1755 94 1762 101 ·
1911 92 2000 140 131

405 170 525 228 ἐπεὶ
560 168 619 228 δὲ
650 168 909 246 δαιμονίη
932 193 1019 231 τις
1040 168 1254 249 γίνεται
1293 166 1460 246 ὁρμή,
1490 168 1582 227 καὶ
1602 168 1908 245 Ἕλληνας,
1934 169 2006 235 ὥς

404 260 563 328 ἔοικε,
600 257 789 335 φθορή
828 283 911 320 τις
955 255 1383 334 καταλαμβάνει
1427 256 1718 331 θεήλατος,
1762 258 1870 339 ἐγώ
1902 258 2008 335 μὲν

404 347 497 404 καὶ
542 343 708 409 αὗτός
750 344 1034 422 τράπομαι
1076 346 1169 402 καὶ
1211 342 1314 420 τήν
1355 342 1581 425 γνώμην
1621 346 2003 424 μετατίθεμαι·

403 432 478 493 σι)
507 433 567 492 δὲ
593 432 848 511 σήμῃνον
886 434 991 509 μὲν
1018 433 1285 511 Πέρσῃσι
1312 432 1384 491 τὰ
1411 436 1471 491 ἐκ
1499 436 1601 491 τοῦ
1631 434 1759 493 θεοῦ
1791 432 2006 511 πεμπό-

400 546 559 597 μενα,
584 521 835 600 χρῆσθαι
862 520 923 579 δὲ
948 520 1139 579 κέλευε
1164 523 1318 579 τοῖσι
1347 524 1407 579 ἐκ
1435 520 1537 579 σέο
1564 518 1838 597 πρώτοισι
1872 548 2004 599 προ-

403 610 744 686 ειρημένοισι
772 614 827 671 ἐς
852 607 957 683 τήν
986 606 1364 685 παρασκευήν·
1407 607 1562 666 ποίεε
1590 607 1648 667 δὲ
1671 607 1827 679 οὕτω,
1849 608 2004 679 ὅκως,

399 702 502 756 τοῦ
545 698 675 757 θεοῦ
719 694 1132 773 παραδιδόντος,
1182 697 1292 755 τῶν
1332 698 1450 755 σῶν
1494 692 1742 771 ἐνδεήσει
1780 696 2005 773 μηδέν.”

403 782 616 843 τούτων
646 783 974 863 λεχθέντων,
1009 783 1247 843 ἐνθαῦτα
1285 783 1611 860 ἐπαρθέντες
1646 786 1717 861 τῇ
1758 782 1901 862 ὄψει,
1933 784 2006 849 ὥς

400 869 580 949 ἡμέρη
608 872 825 951 ἐγένετο
849 871 1113 950 τάχιστα,
1131 871 1343 947 Ξέρξης
1360 896 1423 930 τε
1449 869 1802 947 ὑπερετίθετο
1826 875 2004 933 ταῦτα

402 961 683 1038 Πέρσῃσι,
712 959 807 1019 καὶ
829 956 1200 1036 Ἀρτάβανος,
1231 958 1291 1021 ὃς
1332 956 1604 1037 πρότερον
1637 958 2006 1020 ἀποσπεύδων

398 1052 602 1124 μοῦνος
628 1047 903 1125 ἐφαίνετο,
923 1046 1053 1107 τότε
1080 1046 1427 1108 ἐπισπεύδων
1455 1046 1695 1125 φανερὰς
1719 1046 1808 1124 ἦν.

478 1134 806 1216 Ὠρμημένῳ
840 1137 898 1194 δὲ
924 1135 1107 1214 Ξέρξῃ
1151 1136 1603 1213 στρατηλατέειν,
1639 1136 1784 1213 μετά
1821 1139 1999 1197 ταῦτα
2023 1138 2094 1199 19

397 1224 555 1299 τρίτη
580 1222 709 1301 ὅψις
735 1228 791 1284 ἐν
819 1228 895 1302 τῷ
921 1222 1071 1303 ὕπνῳ
1098 1224 1334 1304 ἐγένετο,
1361 1222 1464 1300 τὴν
1490 1226 1544 1283 οἶ
1570 1222 1746 1306 μάγοι
1786 1225 2004 1302 ἔκριναν

397 1308 736 1375 ἀκούσαντες
770 1313 961 1389 φέρειν
986 1337 1048 1371 τε
1076 1311 1169 1370 ἐπὶ
1196 1315 1390 1373 πᾶσαν
1420 1317 1545 1395 γῆν,
1573 1310 1896 1373 δουλεύσειν
1934 1313 2005 1373 τέ

399 1400 453 1457 οἱ
487 1398 697 1463 πάντας
732 1398 1072 1476 ἀνθρώπους.
1156 1398 1193 1475 ἦ
1235 1399 1294 1459 δὲ
1333 1398 1460 1478 ὅψις
1486 1398 1556 1477 ἦν
1586 1399 1703 1475 ἥδε·
1746 1400 1928 1461 ἐδόκεε
1967 1399 2002 1461 ὅ

397 1486 608 1562 Ξέρξης
651 1488 1083 1563 ἐστεφανῶσθαι
1128 1489 1318 1563 ἐλαίης
1363 1488 1576 1567 θαλλῷ·
1632 1486 1745 1547 άπό
1793 1488 1854 1547 δὲ
1899 1492 2004 1565 τῆς

399 1573 590 1649 ἐλαίης
625 1574 754 1639 τούς
787 1574 1025 1637 κλάδους
1049 1579 1158 1655 γῆν
1191 1577 1385 1636 πᾶσαν
1426 1578 1700 1653 ἐπισχεῖν·
1741 1574 1885 1652 μετὰ
1923 1575 1999 1645 δὲ,

399 1658 786 1737 ἀφανισθῆναι
810 1661 938 1739 περὶ
962 1665 1033 1740 τῇ
1062 1654 1287 1741 κεφαλῇ
1309 1662 1558 1739 κείμενον
1577 1662 1677 1721 τόν
1697 1663 1994 1738 στέφανον.

400 1748 695 1826 κρινάντων
740 1748 797 1810 δὲ
838 1748 1014 1830 ταύτῃ
1062 1755 1172 1811 τῶν
1215 1751 1426 1832 μάγων,
1472 1751 1740 1827 Περσέων
1781 1776 1844 1810 τε
1888 1755 2000 1812 τῶν

398 1837 824 1916 συλλεχθέντων
863 1839 1060 1899 αὐτίκα
1104 1843 1214 1903 πᾶς
1257 1838 1396 1916 ἀνὴρ
1441 1843 1496 1902 ἐς
1537 1837 1640 1915 τὴν
1680 1837 1861 1917 οἶρχὴν
1896 1838 2000 1914 τὴν

397 1928 599 1986 ἑωυτοῦ
638 1924 947 1996 ἐπελάσας,
982 1926 1097 2006 εἶχε
1137 1927 1453 2004 προθυμίην
1491 1929 1685 1986 πᾶσαν
1721 1927 1813 1985 ἐπὶ
1848 1931 2000 1986 τοῖσι

398 2014 756 2090 εἰρημένοισι,
804 2015 983 2075 θέλων
1035 2013 1202 2079 αὗτὸς
1256 2015 1490 2079 ἕκαστος
1541 2013 1612 2074 τά
1665 2015 2000 2092 προκείμενα

397 2100 544 2179 δῶρα
587 2104 819 2178 λαβεῖν·
868 2102 961 2162 καὶ
1005 2103 1218 2180 Ξέρξης
1254 2107 1356 2162 τοῦ
1394 2106 1639 2180 στρατοῦ
1684 2101 1826 2162 οὕτω
1867 2101 1998 2162 ἐπά-

393 2215 591 2270 γερσιν
624 2191 886 2260 ποιέεται,
912 2196 1097 2270 χῶρον
1134 2191 1320 2252 πάντα
1360 2195 1588 2268 ε’ρευνῶν
1616 2194 1717 2266 τῆς
1747 2190 1998 2267 ἠπείρου.

392 2275 539 2338 Ἀπὸ
570 2278 680 2359 γάρ
707 2278 995 2359 Αἰγύπτου
1027 2277 1289 2349 ἁλώσιος,
1320 2279 1410 2338 ἐπὶ
1448 2281 1553 2356 μὲν
1590 2279 1838 2356 τέσσερα
1875 2280 1998 2338 ἔτεα
2015 2279 2092 2338 20

396 2365 617 2441 πλήρεα
656 2367 999 2444 παραρτέετο
1037 2365 1310 2445 στρατιήν
1344 2393 1405 2426 τε
1443 2367 1535 2426 καὶ
1574 2367 1646 2427 τά
1688 2366 1998 2445 πρόσφορα

394 2454 469 2529 τῇ
503 2457 760 2531 στρατιῇ·
802 2455 1035 2534 πέμπτῳ
1075 2455 1135 2514 δὲ
1172 2454 1280 2514 ἔτεϊ
1309 2454 1556 2534 ἀνομένῳ
1588 2453 1997 2531 ἐστρατηλάτεε

394 2537 545 2616 χειρὶ
568 2540 790 2620 μεγάλῃ
823 2542 1089 2618 πλήθεος.
1174 2541 1396 2602 στόλων
1421 2542 1548 2623 γάρ,
1575 2546 1685 2602 τῶν
1721 2541 1881 2620 ἡμεῖς
1920 2541 1996 2601 ἵδ-

396 2650 517 2701 μεν,
544 2630 741 2708 πολλῷ
782 2630 848 2706 δή
889 2631 1160 2712 μέγιστος
1186 2627 1348 2694 οὗτος
1384 2632 1619 2713 ἐγένετο·
1664 2629 1812 2690 ὥστε
1849 2629 1996 2707 μήτε

395 2712 496 2773 τόν
524 2716 763 2791 Δαρείου
788 2717 886 2778 τόν
913 2720 1005 2778 ἐπὶ
1031 2717 1249 2783 Σκύθας
1272 2718 1425 2796 παρὰ
1452 2723 1652 2779 τοῦτον
1671 2717 1844 2794 μηδὲν
1865 2719 1993 2793 φαί-

396 2802 611 2872 νεσθαι,
650 2801 794 2880 μήτε
827 2805 926 2865 τᾶν
954 2805 1244 2876 Σκυθικόν,
1285 2805 1380 2866 ὅτε
1412 2806 1622 2870 Σκύθαι
1650 2805 1995 2881 Κιμμερίους

397 2888 679 2954 διώκοντες
707 2897 761 2955 ἐς
785 2894 888 2969 τὴν
914 2894 1176 2970 Μηδικὴν
1199 2893 1388 2974 χώρην
1415 2891 1764 2971 ἐμβαλόντες
1789 2892 1995 2971 σχεδὸν

394 2976 579 3037 πάντα
601 2977 673 3038 τοῖ
702 2979 811 3039 ἅνω
829 2985 929 3057 τῆς
953 2979 1154 3058 Ἀσίης
1175 2981 1694 3060 καταστρεψάμενοι
1714 2979 1992 3056 ἐνέμοντο·

393 3069 505 3125 τῶν
531 3067 732 3127 εἵνεκεν
772 3067 1009 3145 ὕστερον
1036 3074 1273 3147 Δαρεῖος
1300 3068 1641 3146 ἐτιμωρέετο·
1681 3066 1825 3144 μήτε
1853 3068 1994 3128 κατοῖ

392 3152 463 3212 τά
494 3154 774 3237 λεγόμενα
798 3155 899 3216 τόν
920 3155 1242 3235 Ἀτρειδέων
1269 3163 1323 3221 ἐς
1339 3156 1536 3224 Ἴλιον,
1561 3152 1706 3231 μήτε
1744 3153 1842 3214 τᾶν
1869 3159 1992 3214 Μυ-

392 3245 511 3303 σῶν
547 3269 612 3305 τε
652 3244 745 3306 καὶ
771 3247 1025 3322 Τευκρῶν
1061 3245 1164 3306 τόν
1203 3244 1313 3322 πρό
1352 3245 1463 3303 τῶν
1487 3245 1744 3318 Τρωῖκῶν
1765 3241 1992 3322 γενόμε-
