2259 3500
349 158 372 205 l
384 157 401 205 l
413 152 627 217 5—118]
987 151 1299 202 OTPANIA.
1677 151 1683 157 ⁸
1843 149 1937 202 267

343 234 476 297 λεύς
493 238 600 315 γῆς
617 259 679 294 τε
703 236 806 308 τῆς
832 235 1249 310 Κρηστωνικῆς,
1270 229 1462 309 Θρήϊξ,
1487 230 1649 311 ἔργον
1663 230 1943 308 ὑπερφυὲς

347 321 646 401 ἐργασατο·
701 347 764 383 ος
795 319 920 379 οὔτε
953 318 1118 383 αὖτός
1155 320 1267 395 ἔφη
1295 322 1373 398 τῷ
1405 318 1587 397 Ξέρξῃ
1628 318 1765 378 ἔκων
1804 318 1944 378 εἶναι

347 409 684 478 δουλεύσειν,
713 406 844 467 ἀλλ’
867 408 1052 486 οἴχετο
1073 405 1186 467 ἅνω
1208 413 1263 470 ἐς
1280 407 1347 467 τό
1368 432 1529 483 ουρος
1548 432 1652 481 την
1669 386 1944 481 Ῥοδόπην

344 498 502 555 τοῖσί
532 521 595 556 τε
628 496 794 556 παισὶ
829 495 1143 575 ἀπηγόρευε
1172 494 1255 571 μὴ
1286 493 1691 570 στρατεύεσθαι
1727 493 1818 553 ε’πὶ
1842 492 1946 569 τὴν

343 583 617 643 Ελλάδα·
675 586 730 643 οἱ
771 585 830 643 δὲ
873 582 1277 663 ἀλογήσαντες,
1318 579 1355 657 ἢ
1398 580 1586 644 αλλως
1622 588 1737 656 σφι
1771 581 1947 657 θυμός

349 673 564 751 ἐγένετο
602 670 924 747 θεήσασθαι
957 695 1059 730 τον
1093 669 1419 745 πόλεμον,’
1394 667 1792 745 εστρατεύοντο
1828 667 1947 746 ἅμα

348 762 424 836 τῷ
456 760 676 836 Πέρσῃ·
731 758 850 817 ἐπεὶ
891 757 952 817 δὲ
986 755 1351 835 ἀνεχώρησαν
1381 756 1601 819 ασινέες
1633 757 1850 826 πάντες,
1886 757 1951 825 εξ

351 818 542 917 ἐόντες,
584 846 815 922 ἐξώρυξε
850 844 1031 905 αὐτῶν
1047 844 1089 905 ὁ
1115 844 1303 920 πατὴρ
1339 844 1469 907 τούς
1500 843 1834 921 ὀφθαλμοῦς
1858 843 1951 903 διὰ

349 931 454 1007 τήν
487 934 668 1009 αἰτίην
702 933 926 1008 ταύτην·
971 932 1062 991 καὶ
1089 929 1243 992 οὗτοι
1268 935 1372 1009 μὲν
1396 936 1595 992 τοῦτον
1617 930 1715 991 τόν
1740 930 1951 1007 μισθόν

353 1021 578 1096 ἔλαβον.
662 1024 735 1079 Οἱ
761 1020 822 1079 δὲ
848 1020 1072 1097 Πέρσαι
1099 1019 1171 1083 ὦς
1197 1025 1259 1079 ἐκ
1288 1023 1389 1095 τῆς
1415 1020 1657 1097 Θρηίκης
1680 1019 1908 1096 πορευό-
1930 1018 2042 1079 117

349 1134 506 1184 μενοι
531 1107 796 1169 ἀπίκοντο
833 1108 925 1167 ἐπὶ
958 1106 1059 1169 τόν
1089 1107 1281 1184 πόρον,
1310 1108 1654 1188 ἐπειγόμενοι
1688 1106 1786 1166 τὸν
1820 1106 1949 1166 Ἐλ-

349 1195 676 1271 λήσποντον
721 1199 859 1274 τῇσι
893 1196 1062 1271 νηυσὶ
1106 1195 1385 1271 διέβησαν
1428 1201 1482 1258 ἐς
1517 1194 1791 1271 ”Αβυδον·
1852 1194 1953 1259 τὰς

347 1283 458 1363 ’γσῖρ
512 1284 746 1363 σχεδίας
786 1283 886 1343 οὐκ
928 1280 1090 1360 εὗρον
1130 1284 1212 1342 ἔτι
1250 1283 1622 1359 ἐντεταμένας,
1667 1282 1799 1342 ἀλλ’
1839 1282 1951 1344 ὖπδ

348 1376 618 1449 χειμῶνος
669 1370 1088 1448 διαλελυμένας.
1174 1371 1411 1431 ἐνθαῦτα
1464 1371 1523 1430 δὲ
1572 1372 1948 1449 κατεχόμενοι,

351 1459 508 1517 σίτια
547 1484 608 1520 τε
650 1458 804 1517 πλέω
845 1457 884 1534 ἢ
929 1458 1046 1518 κατ’
1089 1457 1221 1519 ὁδὸν
1274 1457 1605 1539 ἐλάγχανον,
1652 1458 1847 1519 οὐδένα
1890 1485 1953 1518 τε

353 1544 570 1622 κόσμον
637 1545 1052 1624 ἐμπιπλάμενοι
1105 1546 1198 1605 καὶ
1248 1545 1423 1605 ὕδατα
1474 1545 1951 1621 μεταβάλλοντες,

353 1631 708 1709 ἀπέθνησκον
742 1638 844 1694 τοῦ
881 1637 1127 1712 στρατοῦ
1162 1638 1263 1695 τοῦ
1288 1632 1603 1710 περιεόντος
1628 1634 1858 1693 πολλοί·
1900 1636 1955 1693 οἱ

353 1720 414 1779 δὲ
439 1721 635 1781 λοιποὶ
660 1719 778 1799 ἅμα
803 1722 984 1802 Ξέρξῃ
1011 1720 1363 1783 ἀπικνέονται
1384 1725 1439 1785 ἐς
1466 1720 1685 1798 Σάρδις.

423 1808 597 1870 Ἔστι
639 1810 698 1869 δὲ
741 1811 832 1868 καὶ
873 1810 1050 1874 ἄλλος
1101 1810 1195 1870 ὅδε
1245 1809 1418 1890 λόγος
1467 1809 1787 1891 λεγόμενος,
1844 1808 1915 1872 ώς
1934 1812 2049 1869 118

356 1897 544 1974 ἐπειδὴ
580 1898 793 1975 Ξέρξης
831 1896 1158 1958 ἐπελαύνων
1198 1897 1261 1968 ἐξ
1295 1896 1573 1972 Ἀθηνέων
1608 1897 1837 1956 σ’,πίκετο
1868 1895 1953 1956 ἐπ’

353 1983 554 2046 Ἠϊόνα
597 1985 702 2062 τὴν
755 1985 846 2046 ἐπὶ
888 1985 1181 2063 Στρυμόνι,
1226 1986 1474 2045 ἐνθεῦτεν
1515 1984 1696 2044 οὐκέτι
1736 1984 1955 2045 ὁδοιπο-

354 2074 512 2152 ρίῃσι
553 2075 847 2153 διεχρέετο,
895 2073 1050 2134 ἄλλα
1089 2073 1193 2149 τὴν
1234 2075 1337 2150 μὲν
1390 2072 1659 2150 στρατιὴν
1704 2072 1957 2150 Ὑδάρνεϊ

358 2163 636 2238 ε’πιτρέπει
683 2161 921 2241 ‹in-aym
967 2166 1022 2225 ἐς
1066 2162 1167 2221 τόν
1210 2160 1658 2236 Ἑλλήσποντον,
1703 2160 1868 2225 αὐτός
1911 2159 1957 2220 δ’

359 2250 450 2306 ἐπὶ
475 2275 605 2323 νηος
629 2250 938 2324 Φοινίσσης
964 2247 1183 2324 ε’πιβας,
1214 2248 1551 2325 ἐκομίζετο’
1526 2275 1579 2312 ες
1609 2249 1713 2324 τὴν
1736 2248 1957 2325 Ἀσίην·

359 2335 620 2394 πλώοντα
647 2335 708 2394 δέ
731 2362 828 2411 μιν
850 2334 1052 2412 ἄνεμον
1074 2336 1420 2412 Στρυμονίην
1438 2335 1756 2413 ὑπολαβεῖν
1779 2337 1960 2417 μέγαν

362 2422 453 2478 καὶ
484 2423 769 2498 κυματίην·
825 2423 917 2481 καὶ
947 2421 1033 2497 δή,
1070 2427 1297 2498 μᾶλλον
1324 2424 1437 2503 γάρ
1467 2450 1523 2484 τι
1554 2425 1958 2503 χειμαίνεσθαι,

364 2508 645 2585 γεμούσης
687 2514 788 2585 τῆς
833 2510 979 2586 νηός,
1024 2509 1169 2570 ὥστε
1214 2511 1306 2569 ε’πὶ
1346 2515 1447 2570 τοῦ
1492 2510 1961 2588 καταστρώματος

365 2595 634 2657 ἐπεόντων
673 2603 894 2676 συχνῶν
934 2598 1201 2675 Περσέων
1240 2602 1349 2658 τῶν
1389 2598 1499 2659 σῦν
1525 2598 1705 2676 Ξέρξῃ
1744 2601 1961 2674 κομιζο-

363 2684 555 2758 μένων,
613 2686 848 2746 ἐνθαΰτα
906 2690 961 2750 ἐς
1024 2686 1189 2764 δεῖμα
1238 2685 1487 2746 πεσόντα
1537 2684 1637 2744 τόν
1689 2686 1958 2760 βασιλέα,

367 2769 614 2847 εἴρεσθαι
646 2773 918 2849 βώσαντα
952 2774 1051 2834 τὰν
1091 2773 1451 2851 κυβερνήτεα,
1486 2772 1537 2832 εἴ
1568 2798 1652 2835 τις
1688 2771 1816 2831 ε’στί
1849 2779 1963 2848 σφι

365 2862 634 2937 σωτηρίη,
659 2862 749 2920 καὶ
784 2861 884 2921 τὸν
915 2861 1084 2921 εἶπαι·
1125 2873 1162 2898 “
1184 2861 1448 2930 δέσποτα,
1488 2858 1587 2920 οὖκ
1625 2860 1777 2919 ἔστιν
1811 2858 1959 2919 οὔδε-

364 2947 482 3022 μία,
509 2946 578 3022 ἢν
603 2948 683 3024 μή
703 2950 910 3009 τούτων
929 2948 1240 3030 ἀπαλλαγή
1259 2974 1342 3011 τις
1362 2949 1587 3028 γένηται
1605 2950 1715 3006 τῶν
1729 2950 1963 3006 πολλῶν

366 3035 728 3110 ἐπιβατέωνθ
789 3038 879 3094 καὶ
919 3037 1127 3115 Ξέρξεα
1169 3038 1392 3117 λέγεται
1432 3035 1749 3095 ἀκούσαντα
1786 3038 1962 3093 ταῦτα

367 3121 536 3182 ειπαι·
598 3135 634 3160 “
649 3123 840 3201 ανδρες
880 3126 1117 3201 Πέρσαι,
1164 3129 1261 3184 νῦν
1310 3149 1397 3214 τις
1450 3121 1745 3190 διαδεξάτω
1784 3120 1965 3198 υμέων

365 3210 644 3282 βασιλέος
675 3213 992 3290 κηδόμενος·
1035 3217 1093 3272 ἐν
1122 3212 1254 3289 υμῖν
1293 3237 1403 3292 γαρ
1446 3209 1561 3270 οἶκε
1598 3207 1739 3269 εῖναι
1773 3209 1898 3286 ἐμοὶ
1926 3207 1965 3284 ἦ

366 3298 651 3378 σωτηρίη·
705 3326 805 3362 τον
828 3303 932 3378 μὲν
955 3304 1134 3360 ταῦτα
1162 3299 1369 3380 λέγειν·
1408 3323 1538 3360 τους
1563 3296 1623 3356 δὲ
1658 3297 1961 3375 προσκυνέ-
