2259 3500
315 124 411 171 190
520 117 567 135 ’-
924 119 1296 169 ἩΡοΔοΤοϊ-
1742 119 1899 183 [vn.

306 202 520 276 φθῆναι
544 204 645 275 τῆς
662 199 983 277 ναυμαχίης.
1040 196 1196 259 οὗτοι
1221 199 1325 275 μὲν
1351 198 1492 259 οὕτω
1511 198 1905 275 διεκρούσαντο

304 287 433 350 τούς
447 287 755 363 Ἕλληνας.

212 378 323 433 169
427 379 645 451 Κρῆτες
699 375 773 443 δὲ,
833 375 957 434 ἐπεί
1002 374 1067 433 τέ
1118 380 1302 449 σφεας
1354 374 1798 451 παρελάμβανον
1851 379 1903 435 οἱ

305 464 403 521 ἐπῖ
422 463 673 521 τούτοισι
708 462 1012 540 ταχθέντας
1035 462 1340 537 Ἑλλήνων,
1370 463 1644 537 ἐποίησαν
1667 462 1902 523 τοιόνδε·

303 551 621 628 πέμψαντες
662 552 817 628 κοινῇ
860 548 1206 626 θεοπρόπους
1247 553 1303 613 ἐς
1335 548 1600 624 Δελφοὺς
1633 550 1734 609 τὸν
1775 550 1902 611 θεὸν

306 638 623 713 ἐπειρώτων,
669 638 719 697 εἴ
757 644 869 714 σφι
921 636 1146 714 ἄμεινον
1195 637 1407 717 γίνεται
1445 637 1778 713 τιμωρέουσι
1829 639 1912 717 τῇ

300 725 571 795 Ἑλλάδα
627 725 663 801 ἦ
700 725 760 785 δὲ
791 726 978 801 Πυθίη
1012 725 1362 802 ὖπεκρίνατο·
1417 734 1452 760 “
1469 723 1748 799 ὦνήπιοι,
1787 730 1900 785 ἐπι·

300 814 599 889 μέμφεσθε
642 814 754 873 ὅσα
795 812 925 891 ὖμῖν
962 818 1023 871 ἐκ
1058 815 1168 873 τῶν
1203 813 1466 890 Μενέλεῳ
1499 812 1902 889 τιμωρημάτων

300 902 490 964 Μίνως
533 903 745 979 ἔπεμψε
788 902 995 978 μηνίων
1048 900 1400 983 δακρύματα,ν
1433 898 1520 960 ὅτι
1573 902 1628 958 οἱ
1678 902 1782 975 μὲν
1835 894 1900 959 οὗ

299 989 775 1065 συνεξεπρήξαντο
803 988 947 1067 αὐτῷ
981 986 1079 1046 τόν
1122 992 1182 1046 ἐν
1217 988 1452 1065 Καμίκῳ
1479 985 1717 1047 θάνατον
1745 987 1898 1067 γενό-

298 1078 482 1150 μενον,
504 1075 659 1151 ὑμεῖς
680 1076 737 1133 δὲ
760 1077 989 1133 κείνοισι
1016 1075 1119 1149 τήν
1147 1080 1206 1133 ἐκ
1230 1073 1490 1151 Σπάρτης
1509 1073 1900 1152 ἅρπαχθεῖσαν

300 1161 392 1220 ὕπ’
431 1160 627 1236 οἶνδρὸς
667 1161 971 1239 βαρβάρου
1009 1160 1292 1241 γυναῖκα.”
1373 1158 1548 1221 ταῦτα
1587 1164 1639 1220 οἱ
1680 1165 1898 1237 Κρῆτες

298 1248 369 1311 ὦς
422 1248 814 1327 ἀπενειχθέντα
866 1248 1128 1324 ἥκουσαν,
1177 1250 1413 1327 ἔσχοντο
1465 1252 1566 1325 τῆς
1616 1250 1896 1326 τιμωρίης.

206 1337 319 1395 170
338 1336 577 1417 Λέγεται
616 1336 725 1416 γοὶρ
766 1337 959 1397 Μίνων
1000 1336 1140 1396 κατὰ
1181 1336 1416 1412 ζήτησιν
1450 1336 1736 1396 Δαιδάλου
1771 1336 1896 1397 άπι-

296 1421 531 1499 κόμενον
572 1429 626 1487 ἐς
668 1426 929 1499 Σικανίην
962 1424 1065 1500 τὴν
1098 1428 1196 1483 νῦν
1237 1425 1498 1499 Σικελίην
1535 1425 1894 1501 καλευμένην,

293 1509 594 1571 ἀποθανεῖν
636 1512 805 1591 βιαίῳ
850 1512 1084 1591 θανάτῳ·
1149 1510 1254 1571 άνοὶ
1295 1511 1356 1569 δὲ
1397 1511 1602 1589 χρόνον
1649 1516 1894 1587 Κρῆτας,

294 1600 423 1659 θεοῦ
465 1606 582 1677 σφε
625 1600 1037 1677 ἐποτρύναντος,
1074 1599 1286 1662 πάντας
1317 1598 1470 1673 πλὴν
1512 1600 1896 1677 Πολιχνιτέων

290 1712 353 1746 τε
406 1688 497 1747 καὶ
550 1688 843 1766 Πραισίων
896 1686 1260 1764 ἀπικομένους
1319 1685 1510 1764 στόλῳ
1557 1686 1786 1768 μεγάλῳ
1839 1693 1895 1752 ἐς

293 1777 569 1852 Σικανίην,
597 1777 945 1853 πολιορκέειν
973 1775 1056 1834 ἐπ’
1086 1777 1210 1834 ἔτεα
1227 1775 1392 1834 πέντε
1419 1773 1588 1835 πόλιν
1617 1775 1898 1851 Κάμικον·

288 1864 393 1939 τήν
434 1864 551 1923 κατ’
584 1867 679 1940 ἐμὲ
715 1864 1138 1943 Ἀκραγαντῖνοι
1171 1861 1446 1938 ἐνέμοντο·
1501 1862 1666 1924 τέλος
1705 1863 1779 1935 δὲ,
1825 1862 1892 1924 οὗ.

290 1951 619 2028 δυναμένους
654 1950 780 2010 οὔτε
816 1954 976 2023 ἑλεῖν,
1008 1949 1134 2009 οὔτε
1159 1950 1496 2027 παραμένειν
1522 1953 1668 2028 λιμῷ
1691 1977 1891 2010 συνεσ-

287 2043 507 2108 τεῶτας,
536 2037 915 2100 ἀπολιπόντας
943 2037 1218 2115 οἴχεσθαι·
1248 2036 1320 2100 ὥς
1344 2037 1404 2095 δὲ
1435 2038 1578 2096 κατοὶ
1603 2035 1890 2119 Ἰηπυγίην

286 2127 549 2207 γενέσθαι
610 2125 913 2194 πλώοντας,
972 2123 1343 2200 ὖπολαβόντα
1401 2126 1587 2201 σφέας
1643 2131 1889 2204 χειμῶνα.

284 2214 463 2293 μέγαν
496 2214 788 2288 ἐκβαλέειν
824 2218 879 2276 ἐς
909 2213 1011 2290 τήν
1040 2217 1169 2294 γῆν·
1211 2214 1668 2292 συναραχθέντων
1695 2213 1754 2272 δὲ
1777 2219 1888 2275 τῶν

286 2299 513 2368 πλοίων,
570 2299 827 2376 οὐδεμίαν
866 2300 975 2381 γάρ
1016 2307 1129 2377 σφι
1171 2301 1248 2361 ἔτι
1291 2300 1524 2377 κομιδήν
1563 2305 1618 2363 ἐς
1659 2300 1888 2378 Κρήτην

287 2387 605 2464 φαίνεσθαι,
648 2388 883 2448 ἐνθαῦτα
920 2388 1112 2466 εὙρίην
1159 2388 1328 2448 πόλιν
1371 2390 1666 2451 κτίσαντας
1723 2414 1884 2448 κατα·

284 2474 473 2552 μεῖναί
492 2500 555 2533 τε
582 2475 673 2534 καὶ
698 2475 1125 2553 μεταβαλόντας
1153 2475 1275 2537 οἷντὶ
1300 2479 1403 2552 μὲν
1431 2480 1668 2554 Κρητῶν
1693 2477 1884 2556 γενέσ-

286 2564 379 2623 θαι
417 2561 680 2644 Ἰήπυγας
720 2564 1107 2634 Μεσσαπίους,
1149 2563 1274 2624 άντὶ
1314 2564 1372 2622 δὲ
1413 2564 1550 2624 εἶναι
1596 2564 1882 2640 νησιώτας,

282 2649 607 2727 ἠπειρώτας·
650 2650 761 2711 οἷπό
790 2652 849 2710 δὲ
874 2651 1063 2729 εΥρίης
1086 2650 1288 2714 πόλιος
1311 2651 1411 2713 τοὶς
1446 2650 1628 2713 ἄλλας
1655 2650 1884 2709 οἰκίσαι·

282 2738 381 2802 τοὶς
422 2736 489 2814 δὴ
530 2744 857 2816 Ταραντῖνοι
894 2738 1075 2818 χρόνῳ
1128 2737 1366 2815 ὕστερον
1416 2741 1614 2815 πολλιζ
1669 2737 1884 2806 ἐξανισ-

281 2825 473 2889 τάντες
524 2829 951 2904 προσέπταισαν
1000 2825 1278 2907 μεγάλως·
1342 2824 1486 2884 ὥστε
1534 2825 1707 2901 φόνος
1753 2824 1884 2884 Ἐλ-

282 2914 509 2988 ληνικός
526 2915 794 2995 μέγιστος
820 2911 981 2974 οὗτος
1006 2913 1073 2970 δι)
1104 2915 1318 2993 ἐγένετο
1345 2913 1565 2972 πάντων
1589 2917 1700 2973 τῶν
1724 2912 1884 2989 ἡμεῖς

282 3000 454 3075 ἴδμεν,
498 3001 676 3061 αὐτῶν
721 3028 783 3061 τε
829 3000 1176 3076 Ταραντίνων
1226 3001 1315 3058 καὶ
1354 3000 1636 3080 Ῥηγίνων,
1679 3000 1734 3058 οἳ
1771 2998 1882 3059 ὖπὸ

284 3087 539 3146 Μικύθου
573 3093 671 3148 τοῦ
706 3090 915 3165 Χοίρου
954 3086 1386 3167 ἀναγκαζόμενοι
1422 3092 1533 3146 τῶν
1569 3086 1755 3144 οἰστῶν
1789 3086 1881 3144 καὶ

282 3172 607 3250 ἀπικόμενοι
655 3177 885 3253 τιμωροὶ
936 3175 1343 3251 Ταραντίνοισι,
1395 3172 1674 3232 ἀπέθανον
1725 3199 1880 3251 τρισ-

284 3259 459 3335 χιλιοι
480 3260 638 3321 οὕτω·
665 3269 845 3325 αὐτῶν
870 3262 930 3322 δὲ
954 3263 1300 3339 Ταραντίνων
1319 3258 1418 3319 οὐκ
1439 3259 1607 3336 ἐπέην
1627 3258 1877 3336 ἀριθμός·
