2259 3500
373 160 593 225 68—75]
1034 158 1406 207 noArMmA.
1885 160 1971 207 ιιι

373 240 544 300 Ἰνδοὶ
574 241 910 319 ἐσεσάχατο,
938 238 1356 317 προμετωπίδια
1395 239 1457 298 δὲ
1499 240 1680 299 ἵππων
1708 237 1862 317 εἶχον
1887 239 1980 297 ἐπὶ

372 332 511 407 τῇσι
538 331 825 407 κεφαλῇσι
852 327 959 387 σύν
982 353 1046 388 τε
1070 330 1224 386 τοῖσι
1251 324 1358 386 ῶσῖ
1385 325 1751 402 ἐκδεδαρμένα
1775 326 1869 385 καὶ
1905 330 1980 405 τῇ

374 420 579 495 λοφιῇ·
620 418 712 475 καὶ
737 414 859 475 ἀντὶ
884 418 988 492 μὲν
1012 414 1204 490 λόφου
1230 414 1268 491 ἦ
1296 413 1476 490 λοφιὴ
1505 415 1769 492 κατέχρα·
1808 413 1882 473 ταῖ
1922 413 1982 472 δὲ

376 504 490 565 ὦτα
522 508 634 566 τῶν
675 505 855 564 ἵππων
892 502 1033 581 ὄρθοῖ
1059 501 1352 583 πεπηγότα
1382 502 1552 581 εἶχον·
1594 500 1980 578 προβλήματα

374 594 434 653 δὲ
472 592 589 653 ἄντ’
616 592 869 652 οἷσπίδων
910 595 1197 650 ἐποιεῦντο
1223 588 1468 670 γεράνων
1496 589 1680 666 δοράς.
1764 590 1974 665 Λίβυες
1995 592 2069 651 71

374 682 437 741 δὲ
476 680 685 754 σκευὴν
724 682 829 755 μὲν
872 679 1138 753 σκυτίνην
1179 675 1353 752 ἤϊσαν
1395 676 1630 755 ἔχοντες,
1668 676 1976 738 ἀκοντίοισι

374 770 435 829 δὲ
482 767 833 827 ἐπικαύτοισι
880 764 1204 843 χρεώμενοι·
1255 760 1501 841 ἄρχοντα
1542 764 1600 822 δὲ
1646 765 1980 842 παρείχοντο

376 854 709 935 Μασσάγην
749 852 849 913 τόν
888 852 1171 929 Ὀαρίζου.
1256 848 1636 931 Παφλαγόνες
1677 850 1738 909 δὲ
1781 856 1976 928 ἐστρα-
1995 852 2074 930 72

371 942 603 1002 τεύοντο
642 941 735 1001 ἐπὶ
772 942 880 1016 μὲν
917 944 1054 1018 τῇσι
1096 941 1387 1016 κεφαλῇσι
1419 938 1634 1016 ἔχοντες
1662 938 1862 1015 κράνεα
1885 964 1980 998 πε-

372 1029 680 1111 πλεγμένα,
709 1027 955 1090 οἷσπίδας
990 1027 1052 1086 δὲ
1088 1026 1346 1103 σμικρᾶς.
1375 1024 1582 1104 αἰχμὰς
1606 1026 1665 1085 δὲ
1706 1024 1778 1085 οὗ
1808 1026 1980 1108 μεγά-

373 1122 499 1181 λας·
541 1117 684 1195 πρός
720 1117 794 1186 δὲ,
824 1113 1053 1175 άκόντια
1096 1113 1190 1172 καὶ
1232 1113 1548 1193 ἐγχειρίδια·
1589 1114 1718 1190 περὶ
1753 1113 1814 1173 δὲ
1852 1115 1980 1179 τοῦς

374 1204 565 1275 πόδας,
608 1204 815 1263 πέδιλα
865 1200 1135 1281 ἐπιχώρια
1183 1206 1239 1263 ἐς
1280 1201 1464 1278 μέσην
1511 1200 1724 1279 κνήμην
1769 1201 1979 1263 ἀνατεί-

376 1317 560 1352 νοντα.
640 1292 849 1373 Λίγυες
876 1290 936 1349 δέ
964 1290 1057 1348 καὶ
1083 1289 1364 1364 Ματιηνοὶ
1391 1290 1482 1348 καὶ
1508 1290 1891 1367 Μαριανδυνοί
1910 1316 1973 1350 τε

380 1380 471 1437 καὶ
496 1379 667 1456 Σύροι
703 1378 809 1454 τὴν
848 1376 1023 1453 αὐτὴν
1055 1377 1274 1456 ἔχοντες
1300 1376 1658 1456 Παφλαγόσι
1687 1376 1974 1455 ἐστρατεύ-

382 1489 528 1523 οντο·
568 1470 622 1525 οἱ
643 1466 722 1525 ’δὲ
748 1464 918 1543 Σύροι
959 1462 1113 1524 οὗτοι
1152 1463 1265 1523 ὑπὸ
1303 1465 1570 1540 Περσέων
1596 1465 1976 1525 Καππαδόκαι

384 1553 693 1612 καλέονται·
735 1551 1136 1635 Παφλαγόνων
1159 1551 1265 1628 μέν
1291 1576 1386 1611 νυν
1413 1552 1506 1609 καὶ
1531 1556 1834 1627 Ματιηνῶν
1855 1556 1974 1611 Δῶ-

380 1664 477 1701 τος
508 1639 540 1699 ό
578 1639 943 1720 Μεγασίδρου
981 1637 1144 1718 ἦρχε·
1187 1638 1586 1715 Μαριανδυνῶν
1634 1639 1694 1697 δὲ
1741 1639 1832 1697 καὶ
1877 1644 1976 1698 Λι-

379 1725 529 1804 γύων
562 1728 653 1788 καὶ
687 1726 875 1804 Σύρων
908 1726 1180 1804 Γωβρύης
1221 1724 1254 1787 ό
1283 1725 1524 1804 Δαρείου
1558 1751 1622 1786 τε
1662 1726 1753 1784 καὶ
1784 1724 1974 1804 Ἀρτυ-

382 1815 613 1892 στώνης.
694 1814 907 1896 Φρύγες
948 1815 1008 1874 δὲ
1052 1812 1346 1896 ἀγχοτάτω
1385 1817 1488 1889 Τἣς
1529 1817 1973 1894 Παφλαγονικῆς
1993 1817 2072 1876 73

378 1903 585 1978 σκευὴν
610 1903 779 1983 εἶχον,
797 1903 995 1984 ὀλίγον
1020 1900 1548 1980 παραλλάσσοντες·
1578 1904 1632 1960 οἱ
1658 1901 1717 1960 δὲ
1743 1900 1972 1981 Φρύγες,

376 1989 449 2054 ῶς
493 1990 816 2055 Μακεδόνες
866 1991 1119 2071 λέγουσι,
1174 1990 1470 2050 ἐκαλέοντο
1522 1989 1722 2070 Βρίγες
1773 1989 1976 2068 χρόνον

376 2077 517 2139 ὅσον
560 2078 883 2157 Εὗρωπήῖοι
936 2076 1117 2140 ἐόντες
1169 2077 1417 2137 σύνοικοι
1467 2076 1616 2154 ἦσαν
1661 2077 1974 2136 Μακεδόσι·

374 2159 723 2243 μεταβάντες
760 2167 821 2225 δὲ
860 2171 917 2230 ἐς
954 2165 1059 2241 τήν
1096 2164 1315 2241 Ἀσίην,
1343 2162 1462 2240 ἅμα
1485 2168 1558 2242 τῇ
1581 2164 1736 2244 χώρῃ
1779 2166 1869 2224 καὶ
1907 2164 1974 2225 τό

377 2253 589 2330 οὕνομα
623 2252 947 2329 μετέβαλον
982 2258 1037 2316 ἐς
1070 2253 1310 2333 Φρύγας.
1390 2249 1670 2328 Ἀρμένιοι
1711 2253 1770 2312 δὲ
1810 2253 1972 2312 κατά-

378 2363 485 2415 περ
506 2339 718 2418 Φρύγες
739 2338 1073 2418 ἐσεσάχατο,
1104 2339 1285 2402 ἐόντες
1297 2343 1528 2419 Φρυγῶν
1554 2339 1793 2400 ἄποικοι.
1846 2339 1972 2400 τού-

380 2447 491 2482 των
524 2427 969 2502 -συναμφοτέρων
1006 2426 1150 2505 ἦρχε
1187 2425 1520 2506 Ἀρτόχμης,
1557 2429 1796 2504 Δαρείου
1839 2429 1976 2507 ἔχων

380 2511 678 2590 θυγατέρα.
760 2513 934 2572 Λυδοὶ
969 2513 1028 2572 δὲ
1068 2513 1361 2594 ἀγχοτάτω
1383 2517 1494 2574 τῶν
1516 2513 1862 2592 Ἑλληνικῶν
1902 2515 1971 2573 εἴ·
1993 2517 2067 2574 74

378 2624 487 2676 χον
522 2599 693 2658 ὅπλα·
734 2599 813 2682 (οἱ
854 2601 914 2660 δὲ
936 2601 1109 2660 Λυδοὶ
1148 2601 1392 2677 Μηίονες
1431 2606 1728 2663 ἐκαλεῦντο
1763 2603 1830 2661 vd
1870 2601 1973 2661 πά-

378 2689 501 2744 λαι·
541 2687 633 2746 ἐπὶ
660 2688 719 2747 δὲ
743 2688 930 2748 Λυδοῦ
953 2692 1053 2748 τοῦ
1084 2687 1289 2752 Ἀτυος
1316 2690 1488 2769 ἔσχον
1517 2690 1620 2765 τὴν
1647 2690 1971 2765 ἐπωνυμίην,

377 2774 799 2850 μεταβαλόντες
839 2777 905 2836 τὸ
942 2775 1194 2856 οὕνομα·)
1236 2778 1432 2836 Μυσοὶ
1475 2777 1534 2836 δὲ
1569 2777 1660 2836 ἐπὶ
1695 2778 1798 2853 μὲν
1835 2779 1973 2855 τῇσι

287 2910 295 2917 .
379 2866 671 2940 κεφαλῇσι
710 2863 861 2942 εἶχον
902 2863 1103 2940 κράνεα
1147 2862 1430 2943 ἐπιχώρια,
1462 2863 1705 2926 ἀσπίδας
1745 2863 1804 2922 δὲ
1843 2889 1972 2939 σμι-

380 2949 536 3026 κράς·
578 2950 885 3010 ἀκοντίοισι
912 2951 971 3010 δὲ
998 2951 1268 3029 ἐχρέωντο
1295 2951 1658 3011 ἐπικαύτοισι·
1699 2949 1878 3030 (οὗτοι
1914 2951 1977 3010 δέ

380 3042 493 3096 εἶσι
520 3038 716 3098 Λυδῶν
754 3037 995 3099 ἄποικοι·
1035 3038 1131 3099 ἀπ’
1161 3039 1472 3116 Οὐλύμπου
1505 3039 1564 3098 δὲ
1599 3036 1787 3115 οὔρεος
1815 3040 1972 3096 καλέ-

381 3151 537 3185 ονται
554 3126 985 3207 Οὗλυμπιηνοί·)
1013 3127 1208 3187 Λυδῶν
1233 3127 1294 3186 δὲ
1321 3128 1412 3184 καὶ
1438 3131 1655 3184 Μυσῶν
1680 3125 1820 3202 ἦρχε
1846 3125 1973 3201 Ἀρ-

379 3214 661 3292 ταφέρνης
684 3215 715 3276 ὁ
741 3213 1165 3292 Ἀρταφέρνεος,
1193 3213 1256 3276 ὃς
1281 3219 1335 3274 ἐς
1360 3212 1682 3287 Μαραθῶνα
1724 3214 1975 3289 ἐσέβαλε

383 3297 503 3378 ἅμα
522 3302 689 3364 Δάτι.
746 3301 982 3382 Θρήϊκες
1007 3299 1083 3371 δὲ,
1112 3300 1204 3360 ἐπὶ
1228 3301 1332 3375 μὲν
1357 3301 1492 3374 τῇσι
1519 3301 1807 3376 κεφαλῇσι
1831 3297 1974 3358 σ’,λω-
1991 3297 2068 3358 75
