2259 3500
331 137 429 185 162
953 131 1336 183 ·“ΗΡΟΔΟΤΟΤ
1781 138 1931 203 [VII.
1943 164 1946 167 ·

332 239 495 292 τερον
517 212 722 289 ταύτης
756 216 859 289 τῆς
892 213 1120 276 ἐλάσιος
1150 212 1393 293 ὕπαρχοι
1421 219 1478 274 ἐν
1505 219 1576 293 τῇ
1603 217 1816 296 Θρηίκῃ
1843 222 1936 279 καὶ

333 306 433 363 τοῦ
451 301 882 377 Ἑλλησπόντου
902 305 1184 380 πανταχῆ·
1212 299 1366 360 οὗτοι
1387 300 1460 362 ὧν
1477 302 1694 376 πάντες,
1716 305 1852 365 οἵτε
1873 313 1936 367 ἐκ

330 392 572 467 Θρηίκης
590 391 682 448 καὶ
694 394 795 449 τοῦ
814 389 1266 465 Ἑλλησπόντου,
1282 390 1436 465 πλὴν
1448 396 1550 450 τοῦ
1573 396 1630 451 ἐν
1651 394 1930 475 Δορίσκῳ,

328 478 437 538 ὖπό
462 478 751 554 Ἑλλήνων
768 478 1003 555 ὕστερον
1020 477 1223 553 ταύτης
1249 483 1349 553 τῆς
1368 482 1790 556 στρατηλασίης
1811 484 1930 560 ἐξῃ-

327 568 596 644 ρέθησαν·
633 566 735 627 τᾶν
761 567 819 626 δὲ
852 572 911 627 ἐν
937 568 1198 645 Δορίσκῳ
1232 566 1561 643 Μασκάμην
1593 566 1831 644 οὐδαμοί
1853 597 1930 629 κω

328 655 716 731 ἐδυνάσθησαν
736 656 959 726 ἐξελεῖν,
976 658 1210 714 πολλῶν
1227 656 1666 732 πειρησαμένων·
1696 657 1786 716 διοὶ
1803 664 1928 718 τοῦ-

324 769 393 803 το
425 745 489 803 δέ
520 747 575 803 οἶ
607 742 679 803 ταῖ
713 744 862 821 δῶρα
892 743 1171 820 πέμπεται
1201 742 1355 818 παρὰ
1383 748 1484 802 τοῦ
1519 745 1929 818 βασιλεύοντος

233 830 346 892 107
366 833 471 891 αἰεὶ
498 838 556 892 ἐν
582 832 861 911 Πέρσῃσι.
932 834 1057 891 Τῶν
1082 831 1144 889 δὲ
1169 830 1552 907 ἐξαιρεθέντων
1577 831 1688 891 ὖπὸ
1719 832 1925 911 Ἑλλή-

324 946 429 980 νων
450 919 645 981 οὐδένα
663 918 942 996 βασιλεῦς
961 918 1173 996 Ξέρξης
1193 918 1419 995 ἐνόμισε
1441 919 1577 978 εἶναι
1597 918 1769 997 ἄνδρα
1790 922 1922 1002 οἷγα-

324 1008 440 1078 θόν,
470 1013 518 1067 εἷ.
550 1008 631 1085 μή
660 1007 849 1089 Βόγην
878 1011 1101 1084 μοῦνον,
1128 1005 1229 1066 τᾶν
1263 1006 1325 1075 ἐξ
1355 1005 1598 1070 Ἠἳόνος-
1639 1013 1840 1069 τοῦτον
1865 1011 1926 1070 δὲ

322 1098 513 1157 αἰνέων
554 1096 653 1155 οὐκ
694 1094 947 1165 ἐπαύετο,
990 1095 1082 1154 καὶ
1120 1094 1252 1157 τοῦς
1295 1094 1614 1171 περιεόντας
1653 1095 1825 1156 αὐτοῦ
1865 1104 1925 1159 ἐν

324 1186 590 1263 Πέρσῃσι
614 1184 816 1247 παῖδας
842 1184 1004 1259 ἐτίμα
1027 1182 1302 1259 μάλιστα·
1338 1182 1457 1241 ἐπεὶ
1484 1184 1576 1241 καὶ
1596 1182 1747 1253 ἄξιος
1767 1186 1924 1245 αἴνου

320 1272 573 1353 μεγάλου
602 1272 816 1353 ἐγένετο
843 1271 1047 1352 Βόγης·
1090 1268 1153 1333 ὃς
1179 1269 1368 1345 ἐπειδὴ
1396 1272 1784 1348 ἐπολιορκέετο
1810 1269 1921 1334 ὖπὸ

318 1358 625 1436 Ἀθηναίων
652 1361 743 1418 καὶ
771 1360 1028 1435 Κίμωνος
1052 1363 1154 1418 τοῦ
1179 1357 1516 1427 Μιλτιάδεω,
1539 1358 1748 1435 παρεὸν
1775 1361 1922 1441 αὐτῷ

320 1447 677 1509 ὖπόσπονδον
698 1448 943 1517 ἐξελθεῖν
965 1448 1057 1507 καὶ
1076 1451 1357 1521 νοστῆσαι
1379 1451 1434 1508 ἐς
1452 1446 1557 1521 τὴν
1576 1446 1796 1523 Ἀσίην,
1822 1449 1920 1509 οὔκ

320 1538 573 1613 ἐθέλησε,
609 1538 690 1614 μή
732 1537 911 1615 δειλίῃ
952 1535 1127 1605 δόξειε
1166 1539 1434 1612 περιεῖναι
1473 1536 1728 1609 βασιλέϊ,
1765 1535 1920 1597 ἀλλὰ

321 1626 659 1703 διεκαρτέρεε
693 1630 748 1688 ἐς
780 1624 848 1685 τό
890 1626 1152 1703 ἔσχατον·
1199 1622 1269 1685 ὥς
1305 1620 1350 1681 δ’
1378 1622 1534 1681 οὐδὲν
1569 1624 1650 1682 ἔτι
1691 1612 1921 1701 φοῖβῆς

319 1718 446 1790 ἐνῆν
473 1720 531 1775 ἐν
554 1718 631 1794 τῷ
660 1714 846 1793 τείχεϊ,
878 1712 1162 1789 συννήσας
1192 1710 1372 1788 πυρὴν
1403 1710 1674 1792 μεγάλην,
1705 1713 1920 1789 ἔσφαξε

318 1801 389 1862 τά
413 1803 577 1863 τέκνα
605 1804 696 1862 καὶ
719 1802 823 1878 τήν
848 1805 1082 1882 γυναῖκα
1103 1794 1196 1860 καὶ
1220 1798 1322 1862 τοῖς
1347 1799 1648 1862 παλλακάς
1673 1801 1764 1858 καὶ
1790 1802 1922 1866 τοῦς

318 1891 549 1953 οἰκέτας·
578 1892 671 1949 καὶ
693 1891 879 1949 ἔπειτα
899 1890 1149 1965 ἐσέβαλε
1169 1893 1223 1950 ἐς
1242 1887 1309 1946 τὰ
1329 1891 1459 1964 πῦρ·
1485 1886 1628 1964 μετοὶ
1649 1887 1708 1946 δὲ
1724 1893 1914 1961 ταῦτα,

315 1977 414 2038 τόν
432 1979 649 2056 χρυσόν
668 1976 885 2036 ἅπαντα
903 1976 1003 2036 τόν
1023 1981 1083 2034 ἐκ
1102 1979 1205 2035 τοῦ
1224 1974 1425 2037 ἄστεος
1445 1976 1536 2034 καὶ
1556 1975 1656 2034 τᾶν
1674 1974 1918 2057 ἄργυρον

317 2067 538 2141 ἔσπειρε
574 2064 685 2125 άπό
717 2068 819 2124 τοῦ
851 2065 1063 2142 τείχεος
1100 2069 1156 2126 ἐς
1189 2063 1289 2122 τὸν
1330 2062 1639 2140 Στρυμόνα,
1672 2065 1918 2140 ποιήσας

317 2153 377 2210 δὲ
420 2156 612 2223 ταῦτα,
656 2151 853 2211 ἑωυτὸν
896 2151 1146 2227 ἐπέβαλε
1193 2155 1250 2214 ἐς
1293 2150 1360 2210 τό
1413 2155 1544 2226 πῦρ.
1627 2150 1767 2210 οὕτω
1811 2155 1916 2230 μὲν

316 2238 476 2303 οὗτος
501 2241 716 2303 δικαίως
743 2240 977 2300 αἰνέεται
1005 2240 1083 2299 ἔτι
1109 2239 1202 2298 καὶ
1230 2244 1286 2300 ἐς
1308 2237 1438 2298 τόδε
1463 2238 1572 2298 ὖπὸ
1601 2241 1885 2315 Περσέων.

225 2331 339 2388 108
396 2329 607 2404 Ξέρξης
652 2329 711 2388 δὲ
757 2333 817 2387 ἐκ
861 2332 963 2388 τοῦ
1012 2329 1298 2404 Δορίσκου
1342 2326 1630 2402 ἐπορεύετο
1679 2329 1770 2386 ἐπὶ
1811 2328 1915 2403 τήν

315 2415 586 2475 Ἑλλάδα·
627 2417 756 2480 τούς
792 2417 853 2475 δὲ
889 2417 995 2474 αἰεὶ
1029 2415 1352 2496 γινομένους
1382 2414 1637 2490 ἐμποδῶν
1669 2425 1914 2493 συστρα-

314 2502 574 2564 τεύεσθαι
592 2504 885 2586 ἠνάγκαζε·
916 2503 1250 2562 ἐδεδούλωτο
1276 2502 1404 2582 γσῖρ,
1428 2501 1499 2565 ὦς
1525 2504 1616 2560 καὶ
1643 2503 1916 2580 πρότερόν

314 2617 413 2667 μοι
455 2592 770 2667 δεδήλωται,
812 2591 851 2666 ἦ
896 2592 1064 2670 μέχρι
1106 2591 1433 2665 Θεσσαλίης
1480 2594 1658 2660 πᾶσα,
1707 2591 1798 2649 καὶ
1843 2591 1915 2666 ἦν

314 2678 424 2740 ὖπὸ
476 2681 729 2756 βασιλέα
791 2677 1174 2754 δασμοφόρος,
1231 2677 1584 2758 Μεγαβάζου
1635 2705 1697 2738 τε
1751 2705 1914 2737 κατα-

317 2770 704 2848 στρεψαμένου
733 2768 823 2826 καὶ
857 2767 1093 2843 ὕστερον
1121 2765 1460 2842 Μαρδονίου.
1527 2767 1916 2843 παραμείβετο

317 2856 376 2915 δὲ
416 2856 783 2934 πορευόμενος
824 2861 885 2915 ἐκ
920 2856 1220 2932 Δορίσκου,
1254 2857 1446 2930 πρῶτα
1477 2856 1580 2930 μὲν
1616 2854 1688 2913 ταῖ
1733 2855 1914 2932 Σαμο-

316 2945 535 3021 θρηΐκια
553 2946 756 3023 τείχεα,
780 2947 889 3003 τῶν
912 2941 1125 3021 ἐσχάτη
1144 2942 1486 3002 πεπόλισται
1505 2940 1646 3018 πρὸς
1675 2943 1919 3018 ἑσπέρην

313 3032 480 3095 πόλις
505 3038 576 3111 τῇ
605 3032 814 3108 οὔνομά
841 3037 963 3090 ἐστι
996 3032 1371 3106 Μεσαμβρίη·
1416 3032 1599 3108 ἔχεται
1627 3029 1686 3087 δὲ
1715 3029 1918 3104 ταύτης

315 3123 539 3180 Θασίων
584 3121 765 3193 πόλις,
814 3118 1060 3196 Στρύμη·
1116 3118 1206 3177 διὰ
1252 3117 1314 3175 δέ
1359 3123 1550 3191 σφεων
1587 3120 1689 3176 τοῦ
1735 3119 1920 3193 μέσου

315 3208 536 3271 Λίσσος
575 3206 830 3284 ποταμὸς
870 3206 1123 3282 διαρρέει·
1167 3204 1229 3267 ὃς
1267 3203 1396 3264 τότε
1435 3203 1534 3262 οὖκ
1571 3203 1811 3283 ἀντέσχε
1850 3203 1918 3263 τό

314 3290 457 3370 ὕδωρ
488 3297 748 3373 παρέχων
777 3297 856 3372 τῷ
885 3292 1101 3371 Ξέρξεω
1132 3295 1372 3369 στρατῷ,
1401 3289 1533 3350 ἀλλ’
1560 3291 1810 3350 ἐπέλιπε·
1877 3289 1918 3360 ἦ
