2259 3500
304 134 368 202 2‘0
915 130 1280 199 ΗΡοΔοΤοτ
1358 209 1363 212 ,
1806 151 1900 216 [v

303 229 550 305 ἑκάτεροι
587 228 766 288 αὐτῶν
791 227 1067 304 μαρτύρια
1093 226 1520 305 ἀποφαίνονται·
1548 229 1641 288 καὶ
1665 229 1905 307 πάρεστι

301 315 620 392 οκοτέροισί
633 340 718 378 τις
743 316 992 375 πείθεται
1025 313 1220 384 αὐτῶν,
1239 314 1489 374 τούτοισι
1507 317 1904 393 προσχωρέειν.

203 405 282 464 46
303 404 616 467 Συνέπλεον
644 403 703 461 δὲ
732 402 939 478 Δωριέῖ
965 402 1056 460 καὶ
1083 401 1253 461 ἄλλοι
1289 403 1625 482 συγκτίσται
1663 405 1904 482 Σπαρτι-

299 491 485 566 ητέων,
528 491 830 553 Θεσσαλὸς
869 491 961 549 καὶ
1002 489 1377 567 Παραιβάτης
1417 491 1508 548 καὶ
1551 492 1772 568 Κελέης
1812 493 1903 551 καὶ

297 576 610 655 Εὐρυλέων·
655 605 707 637 οι
749 579 872 637 ἐπεί
901 603 964 636 τε
999 577 1265 636 α’,πίκοντο
1302 578 1468 636 παντὶ
1502 578 1747 657 στόλω’
1722 605 1777 642 ες
1800 580 1904 656 τήν

299 666 574 743 Σικελίην,
617 664 892 725 οἷπέθανον
933 664 1090 744 μάχῃ
1137 665 1473 728 εσσωθέντες
1517 665 1628 724 υπό
1666 691 1728 724 τε
1770 673 1899 726 Φοικ

301 753 462 812 νίκων
496 754 586 811 καὶ
620 751 978 834 Ἐγεσταίων·
1019 757 1225 830 μοῦνος
1262 752 1324 810 δε
1356 777 1423 832 γε
1458 749 1757 829 Ευρυλέων
1790 757 1901 813 τῶν

298 842 678 922 συγκτιστέων
721 841 1066 920 περιεγένετο
1111 839 1309 899 τούτου
1347 842 1449 898 τσῦ
1488 839 1713 902 πάθεος·
1758 844 1895 899 συλ«

296 927 494 1004 λαβών
534 928 594 986 δὲ
635 926 794 991 οὗτος
832 931 932 1002 τῆς
973 930 1241 1004 στρατεῆς
1278 927 1407 990 τούς
1444 928 1901 1007 περιγενομένους

296 1016 430 1094 ἔσχε
472 1015 702 1090 Μινώην
737 1015 842 1090 τήν
879 1015 1251 1095 Σελινουσίων
1291 1013 1564 1088 ἀποικίην,
1608 1014 1700 1072 καὶ
1741 1040 1895 1074 συνεκ

293 1103 560 1179 λευθέρου
601 1102 992 1167 Σελινουσίους
1026 1105 1126 1161 τοῦ
1167 1101 1485 1178 μουνάρχου
1519 1101 1896 1181 Πειθαγόρεω·

292 1214 437 1265 μετα
462 1189 536 1262 δὲ,
569 1215 642 1252 ως
666 1192 865 1249 τοῦτον
901 1192 1139 1258 κατεῖλε,
1170 1187 1334 1250 αυτὸς
1366 1188 1645 1266 τυραννίδι
1684 1191 1895 1268 ε’πεχεί-

292 1303 435 1354 ρησε
477 1279 852 1347 Σελινοῦντος,
880 1277 972 1336 καὶ
1011 1275 1397 1354 ἐμουνάρχησε
1431 1276 1635 1354 χρόνον
1667 1277 1752 1336 ἐπ’
1778 1277 1893 1336 ολί-

289 1389 413 1445 γον·
435 1368 489 1424 οἱ
501 1364 612 1445 γάρ
627 1390 724 1441 μιν
751 1367 1105 1429 Σελινοῦσιοι
1134 1364 1541 1427 ἐπαναστάντες
1570 1363 1894 1426 ἀπέκτειναν

197 1452 273 1512 47
293 1452 688 1533 καταφυγόντα
748 1453 839 1510 ἐπὶ
888 1451 1026 1514 Διός
1073 1450 1341 1531 ἀγοραίου
1390 1451 1605 1529 βωμόν.
1690 1453 1893 1515 Συνέσ-

291 1564 428 1599 πετο
460 1539 519 1598 δὲ
554 1540 760 1617 Δωριέῖ
793 1539 884 1598 καὶ
919 1539 1266 1599 συναπέθανε
1297 1540 1578 1601 Φίλιππος
1612 1537 1645 1598 ὅ
1678 1546 1891 1620 ’Βουτα-

289 1628 461 1698 κίδεω,
508 1627 896 1706 Κροτωνιήτης
931 1627 1090 1704 ἀνήρ·
1146 1625 1207 1700 ὃς
1246 1626 1637 1704 ἅρμοσάμενος
1671 1626 1888 1702 Τήλυος

289 1720 389 1776 τοῦ
425 1716 748 1794 Συβαρίτεω
787 1716 1062 1798 θυγατέρα
1091 1717 1265 1795 ἔφυγε
1303 1719 1361 1773 ἐκ
1396 1714 1707 1791 Κρότωνος·
1763 1723 1890 1794 ψευ-

288 1805 444 1869 σθεὶς
491 1806 550 1865 δὲ
595 1808 700 1865 τοῦ
737 1804 920 1886 γάμου
957 1804 1147 1881 οἴχετο
1182 1804 1369 1861 πλέων
1404 1806 1461 1864 ἐς
1502 1802 1781 1879 Κυρήνην·
1832 1809 1891 1862 ἐκ

286 1893 506 1970 ταύτης
527 1893 586 1951 δὲ
627 1892 974 1968 ὄρμεῶμενος
1013 1890 1329 1947 συνέσπετο
1366 1890 1546 1968 οἰκηίῃ
1580 1918 1642 1950 τε
1682 1890 1892 1969 τριήρεϊ

289 1979 381 2037 καὶ
409 1979 588 2055 οἰκηίῃ
616 1977 826 2054 ἀνδρῶν
859 1975 1092 2053 δαπάνῃ,
1121 1975 1223 2035 ε’ὥν
1247 2002 1310 2035 τε
1335 1975 1773 2055 Ὀλυμπιονίκης
1799 1980 1891 2038 καὶ

287 2064 595 2127 κάλλιστος
637 2063 928 2139 Ἑλλήνων
969 2067 1079 2124 τῶν
1122 2063 1240 2124 κατ’
1286 2064 1501 2125 ἑωυτόν.
1585 2065 1674 2143 διά
1721 2066 1780 2124 δὲ
1822 2065 1889 2125 τὸ

287 2154 486 2211 ἑωυτοῦ
523 2150 734 2213 κάλλος
771 2152 1014 2211 ε’νείκατο
1051 2152 1205 2228 παραῖ
1239 2151 1580 2233 Ἐγεσταίων
1615 2152 1686 2212 τοὶ
1714 2150 1889 2216 οὐδεὶς

287 2237 483 2301 ἄλλος·
513 2239 603 2297 ἐπὶ
627 2238 737 2319 γὰρ
764 2243 864 2299 τοῦ
887 2238 1074 2316 τάφου
1101 2238 1272 2301 αὐτοῦ
1300 2240 1502 2316 ἦρώῖον
1530 2238 1887 2317 ἱδρυσάμενοι

191 2327 270 2385 48
289 2326 524 2405 θυσίῃσι
551 2324 722 2386 αὐτὸν
751 2326 1099 2387 ἱλάσκονται.
1184 2327 1426 2405 Δωριεῦς
1452 2326 1555 2403 μέν
1582 2352 1676 2387 νυν
1701 2326 1890 2407 τρόπῳ

285 2412 515 2493 τοιούτῳ
557 2412 903 2491 ε’τελευτησε·
949 2419 997 2474 εἶ
1033 2415 1094 2475 δὲ
1127 2413 1403 2493 ἠνέσχετο
1443 2414 1890 2492 βασιλευόμενος

285 2500 394 2561 υπὸ
423 2474 773 2578 Κλεομένεος
799 2502 890 2561 καὶ
922 2503 1184 2611 κατέμενε
1212 2507 1270 2562 ἔν
1306 2501 1555 2580 Σπάρτῃ,
1586 2504 1891 2579 εβασιλευε

287 2586 354 2648 ἂν
379 2588 809 2666 Λακεδαίμονος.
892 2616 957 2649 ου
981 2590 1091 2670 γάρ
1122 2614 1249 2649 τινα
1278 2588 1502 2647 πολλὰν
1525 2588 1731 2666 χρόνον
1755 2587 1891 2695 ηρξε

285 2675 318 2735 ὁ
347 2678 687 2753 Κλεομένης,
721 2675 854 2735 ἀλλ’
892 2676 1134 2736 ἀπέθανε
1171 2675 1338 2737 ἅπαις
1380 2676 1655 2755 θυγατέρα
1679 2700 1891 2751 μουνην

285 2762 465 2822 λιπών
490 2767 561 2843 τῇ
589 2762 799 2841 οὔνομα
824 2763 894 2840 ἦν
920 2761 1136 2844 Γοργώ.

190 2852 267 2909 49
367 2849 713 2910 Ἀπικνέεται
766 2850 812 2911 δ’
869 2850 943 2910 ὧν
995 2850 1028 2910 ὅ
1080 2846 1492 2929 Ἀρισταγόρης
1544 2847 1598 2923 ὅ,
1624 2845 1891 2923 Μιλήτου

286 2939 550 3016 τύραννος
591 2942 646 3001 ε’ς
683 2938 788 3015 τὴν
825 2937 1106 3016 Σπάρτην,
1148 2936 1499 3013 Κλεομένεος
1533 2937 1757 3015 ἔχοντος
1786 2934 1892 3009 τήν

287 3024 486 3105 οἷρχήν·
553 3030 631 3105 τῷ
683 3025 751 3101 δή
808 3031 863 3089 ἐς
915 3025 1121 3107 λόγους
1174 3023 1279 3100 ἤϊε,
1336 3048 1407 3087 ως
1462 3020 1892 3098 Λακεδαιμόνιοι

287 3115 611 3193 λέγουσι,”
583 3141 723 3195 εχων
767 3113 1013 3194 χάλκεον
1052 3114 1259 3172 πίνακα
1300 3116 1358 3171 ἔν
1397 3114 1476 3171 τῶ
1512 3114 1621 3193 γῆς
1664 3107 1889 3182 απάσης

270 3202 547 3277 ,περίοδος
605 3204 946 3310 ἐνετέτμητο,
1007 3202 1100 3260 καὶ
1154 3198 1428 3261 θάλασσά
1466 3225 1530 3261 τε
1584 3222 1747 3257 πασα
1802 3193 1894 3250 καὶ

287 3290 533 3364 ποταμοὶ
568 3290 785 3356 πάντες·
825 3289 1219 3369 ἀπικνεόμενος
1244 3288 1357 3350 δὲ’
1330 3315 1387 3353 ες
1412 3286 1619 3365 λόγους
1644 3282 1677 3345 ὅ
1701 3280 1889 3357 Ἀριο-
