2259 3500
338 141 589 201 99-102]
945 138 1317 187 noA‘mmA.
1839 142 1931 189 1⁵9

337 223 447 299 γῆν
471 220 771 296 τρέψαντες
802 216 1005 281 πάντες
1039 218 1382 295 μετωπηδόν,
1411 220 1506 279 καὶ
1541 218 1938 289 ἐξοπλίσαντες

337 307 469 369 τούς
495 306 771 382 ἐπιβάτας
792 306 863 369 οἷς
883 311 937 370 ε’ς
956 305 1236 383 πόλεμον·
1257 306 1290 367 ὅ
1312 306 1358 367 δ’
1381 306 1661 371 ἐντόςιτῶν
1679 309 1937 387 πρωρέων

337 395 523 454 πλέων
552 395 765 469 ἐθηεῖτο
794 395 887 453 καὶ
912 398 1012 454 τοῦ
1028 398 1308 475 αἰγιαλοῦ.

417 481 513 545 Ὡς
548 482 607 541 δὲ
640 483 730 541 καὶ
765 482 968 545 ταύτας
1004 482 1360 553 διεξέπλωσε,
1388 483 1481 543 καὶ
1513 484 1684 560 ἐξέβη
1711 489 1772 543 ἐκ
1795 487 1898 561 τῆς
1911 485 2025 562 ,101

284 638 295 649 ο
336 570 473 640 νεός,
499 571 897 647 μετεπέμψατο
940 569 1282 645 Δημάρητον
1319 570 1419 631 τόν
1451 570 1802 647 Ἀρίστωνος,
1839 589 1939 631 συ-

337 658 779 734 στρατευόμενον
819 656 969 736 αύτῷ
1009 657 1101 716 ε’πὶ
1130 658 1236 733 τὴν
1264 657 1538 718 Ἑλλάδα·
1601 661 1847 724 καλέσας
1891 650 1939 719 δ’

338 744 505 805 αὐτὸν
546 747 723 821 εἴρετο
761 745 911 805 τάδε·
955 754 993 782 “
1009 745 1330 823 Δημάρητε,
1367 750 1464 806 νῦν
1500 748 1605 823 μοί
1639 771 1710 807 σε
1743 746 1850 823 ἦὸύ
1883 773 1940 809 τι

338 834 461 891 ἐστὶ
497 833 815 910 ἐπείρεσθαι
849 860 921 893 τα
956 832 1241 893 θέλω·σῦ
1278 833 1355 897 εἷς
1379 832 1603 912 Ἕλλην
1635 860 1714 904 τε,
1742 836 1836 895 καὶ
1869 834 1942 899 ὥς

339 920 447 999 ε’γω
473 921 821 997 πυνθάνομαι
848 924 951 981 σεῦ
974 946 1037 980 τε
1063 921 1158 980 καὶ
1181 923 1292 982 τῶν
1316 919 1507 982 ἄλλων
1523 922 1812 999 Ἑλλήνων
1829 926 1941 983 τῶν

338 1009 461 1084 ε’μοὶ
487 1012 543 1072 ἐς
578 1008 845 1090 λόγους’
809 1010 1230 1086 απικνεομένων,
1257 1009 1458 1073 πόλιος
1491 1007 1606 1069 οὔτ’
1636 1011 1941 1089 ἐλαχίστης

336 1093 449 1155 οὔτ’
491 1095 925 1173 ἀσθενεστάτης·
993 1100 1091 1157 νῦν
1145 1095 1218 1157 ὧν
1264 1122 1364 1173 μοι
1413 1096 1542 1159 τόδε
1595 1098 1836 1175 φράσον,
1893 1102 1941 1157 εἰ

328 1180 605 1259 Ἕλληνες
657 1183 1031 1261 ύπομενέουσι
1086 1188 1278 1263 χεῖρας
1331 1185 1454 1261 ἐμοὶ
1507 1184 1938 1263 ἀνταειρόμενοι·

335 1267 401 1329 ού
427 1270 556 1352 γὰρ,
586 1271 657 1335 ὥς
684 1271 793 1353 ε’γῶ
819 1271 1003 1344 δοκέω,
1036 1271 1149 1331 οὐδ’
1179 1275 1228 1331 εἰ
1251 1270 1452 1336 πάντες
1461 1271 1739 1349 Ἕλληνες
1766 1274 1858 1332 καὶ
1885 1276 1940 1333 οἱ.

333 1362 529 1419 λοιποὶ
573 1364 627 1419 οἱ
668 1358 809 1436 πρός
864 1360 1105 1437 ἑσπέρης
1147 1361 1416 1423 οἰκέοντες
1467 1359 1748 1439 ἅνθρωποι
1800 1365 1940 1421 συλ-

334 1449 693 1526 λεχθείησαν,
723 1445 823 1507 οὔκ
852 1446 1161 1526 ἀξιόμαχοί
1183 1450 1294 1507 εἶσι
1329 1449 1428 1524 ἐμὲ
1455 1448 1680 1509 ἐπιόντα
1710 1448 1938 1525 ύπομεῖ·

334 1559 441 1604 ναι,
478 1534 559 1610 μή
606 1534 786 1597 ἐόντες
830 1530 1077 1611 ἄρθμιοι·
1139 1534 1312 1595 ε’θέλω
1350 1536 1542 1611 μέντοι
1578 1537 1672 1595 καὶ
1711 1537 1778 1596 τὸ
1821 1535 1937 1597 dm?

334 1626 454 1691 σεῦ,
495 1621 682 1682 ὁκοῖόν
708 1647 763 1681 τι
792 1622 976 1703 λέγεις
1003 1623 1131 1700 περὶ
1160 1622 1354 1693 αὐτῶν,
1381 1621 1712 1683 moiffone?
1778 1624 1811 1683 ὁ
1836 1626 1940 1701 μὲν

332 1712 510 1770 ταῦτα
528 1708 742 1787 εἰρώτα·
774 1709 805 1768 ὅ
827 1709 887 1769 δὲ
908 1709 1220 1787 ὖπολαβῶν
1241 1710 1369 1787 ἔφη·
1399 1717 1434 1745 “
1449 1712 1718 1787 βασιλεῦ,
1740 1709 1940 1789 κότερα

332 1796 579 1877 ἀληθηΐῃ
630 1797 923 1876 χρήσομαι
968 1798 1108 1876 πρός
1157 1802 1225 1858 σὲ
1271 1795 1308 1873 ἦ
1351 1798 1522 1878 ἡδονῇ
1541 1797 1590 1868 ;”
1656 1799 1690 1859 ὁ
1737 1799 1801 1860 δέ
1843 1824 1940 1876 μιν

332 1884 579 1965 άληθηΐῃ
620 1888 957 1966 χρῆσασθαι
1000 1888 1234 1956 ε’κέλευε,
1277 1886 1391 1962 φὰς
1435 1887 1593 1948 οὐδέν
1633 1891 1688 1948 οἱ
1738 1886 1936 1964 ἀηδέσ-

329 2000 493 2052 τερον
522 1976 757 2036 ἔσεσθαι
786 1973 823 2052 ἢ
850 1975 1124 2053 πρότερον
1158 1975 1246 2052 ἦν·
1289 1974 1360 2038 ὦς
1397 1975 1456 2034 δὲ
1487 1980 1664 2036 ταῦτα
1687 1975 1900 2053 ἤκουσε
1918 1977 2034 2036 102

333 2064 687 2142 Δημάρητος,
732 2065 890 2144 ἔλεγε
924 2063 1073 2123 τάδε.
1123 2074 1158 2100 “
1174 2066 1440 2140 βασιλεῦ,
1475 2063 1664 2140 ἐπειδὴ
1695 2063 1938 2142 ἇληθηΐῃ

337 2151 757 2230 διαχρήσασθαι
782 2151 999 2214 πάντως
1023 2177 1095 2228 με
1123 2151 1378 2222 κελεύεις,
1404 2156 1579 2212 ταῦτα
1604 2153 1844 2233 λέγοντα
1867 2152 1940 2211 τιὶ

329 2239 411 2314 μή
454 2238 793 2316 ψευδόμενός
830 2265 915 2302 τις
954 2237 1192 2315 ὕστερον
1229 2238 1339 2298 ύπό
1381 2242 1486 2300 σεῦ
1526 2238 1827 2312 άλῶσεται,
1866 2242 1938 2318 τῇ

329 2323 571 2384 Ἐλλάδι
614 2326 777 2402 πενίη
824 2328 928 2400 μὲν
984 2328 1095 2386 αιεί
1139 2351 1266 2386 κοτε
1319 2326 1636 2403 σύντροφος
1688 2326 1936 2399 σύνεστι,

333 2411 501 2488 αρετὴ
531 2413 644 2470 δὲ’
616 2413 852 2475 επακτός
878 2417 1019 2482 ἐστι,
1053 2413 1169 2472 ‹ia-6
1193 2440 1256 2473 τε
1283 2414 1493 2490 σοφίης
1519 2415 1940 2494 κατεργασμένη

334 2498 427 2558 καὶ
468 2498 641 2576 νόμου
686 2504 943 2578 ισχυροῦ·
985 2505 1058 2579 τῇ
1096 2501 1471 2581 διαχρεωμένη
1505 2501 1543 2576 ἦ
1578 2500 1808 2572 Ελλας,
1822 2527 1940 2612 την

331 2612 395 2646 τε
434 2588 627 2663 πενίην
670 2586 1017 2664 ἀπαμύνεται
1051 2590 1144 2648 καὶ
1179 2590 1284 2664 τὴν
1324 2588 1698 2665 δεσποσύνην.
1780 2589 1940 2649 αἰνέω

331 2675 436 2750 μέν
478 2699 574 2734 νυν
616 2675 825 2739 πάντας
861 2675 1152 2752 Ἕλληνας
1196 2676 1326 2740 τούς
1372 2677 1500 2753 περὶ
1547 2678 1754 2740 κείνους
1805 2675 1935 2739 τούς

334 2762 619 2839 Δωρικοῦς
656 2790 871 2842 χωρους
914 2765 1252 2841 οἰκημένους·
1297 2765 1530 2843 ἔρχομαι
1567 2765 1626 2822 δὲ
1663 2764 1838 2833 λέξων
1875 2789 1940 2822 ου

332 2851 461 2926 περὶ
480 2849 699 2912 πάντων
717 2851 922 2912 τούσδε
941 2851 1071 2915 τούς
1098 2851 1321 2933 λόγους,
1344 2851 1500 2912 ἄλλο’,
1518 2852 1646 2928 περὶ
1672 2851 1940 2910 Λακεδαι-

332 2939 538 3015 μονίων
572 2939 809 3016 μούνων·
852 2945 1047 3018 πρῶτα
1077 2942 1198 3018 μὲν,
1227 2939 1314 3000 ὅτι
1347 2939 1446 3000 οὐκ
1481 2941 1600 2999 ἔστι
1640 2937 1776 3002 ὅκως
1812 2941 1940 2998 κοτὲ

335 3026 475 3090 σούς
507 3027 755 3096 δέξονται
794 3029 997 3109 λόγους
1036 3029 1382 3104 δουλοσύνην
1413 3028 1686 3104 φέροντας
1707 3030 1778 3105 τῇ
1803 3025 1934 3085 Ἑλ-

334 3113 483 3173 λάδι·
528 3115 679 3178 αὖτις
714 3116 789 3187 δέ,
820 3116 890 3178 ὥς
930 3115 1300 3177 ἀντιώσονταί
1321 3141 1410 3175 τοι
1437 3120 1494 3177 ἐς
1516 3114 1722 3193 μάχην,
1752 3113 1844 3172 καὶ
1869 3112 1941 3190 ἢν

334 3205 389 3261 οἶ
416 3202 589 3263 ἄλλοι
603 3203 885 3280 Ἓλληνες
920 3204 1121 3268 πάντες
1147 3203 1220 3263 τοὶ
1249 3203 1328 3263 σοῖ
1360 3203 1660 3279 φρονέωσι·
1701 3200 1941 3278 ἀριθμοῦ

332 3291 393 3350 δὲ
420 3293 563 3370 πέρι,
588 3293 671 3369 μή
698 3292 849 3370 πύθῃ
878 3291 1007 3351 ὅσοι
1033 3294 1178 3352 τινὲς
1204 3290 1384 3352 ἐόντες
1409 3291 1585 3348 ταῦτα
1601 3291 1810 3350 ποιέειν
1827 3288 1944 3374 οἶοί
