<?xml version="1.0" encoding="UTF-8"?>
<!DOCTYPE html PUBLIC "-//W3C//DTD XHTML 1.0 Transitional//EN"
    "http://www.w3.org/TR/xhtml1/DTD/xhtml1-transitional.dtd">
<html xmlns="http://www.w3.org/1999/xhtml" xml:lang="en" lang="en">
 <head>
  <title>
</title>
<meta http-equiv="Content-Type" content="text/html;charset=utf-8" />
  <meta name='ocr-system' content='tesseract 3.04.00' />
  <meta name='ocr-capabilities' content='ocr_page ocr_carea ocr_par ocr_line ocrx_word'/>
</head>
<body>
  <div class='ocr_page' id='page_1' title='image "./herodotus18herogoog/herodotus18herogoog_0221.png"; bbox 0 0 2259 3500; ppageno 0'>
   <div class='ocr_carea' id='block_1_1' title="bbox 307 130 2058 3404">
    <p class='ocr_par' dir='ltr' id='par_1_1' title="bbox 363 130 2058 2042">
     <span class='ocr_line' id='line_1_1' title="bbox 365 130 1965 193; baseline -0.002 -8"><span class='ocrx_word' id='word_1_1' title='bbox 365 132 648 193; x_wconf 77' lang='lat'>223-227]</span> <span class='ocrx_word' id='word_1_2' title='bbox 973 130 1347 179; x_wconf 78' lang='lat' dir='ltr'>noA&#39;rMNIA.</span> <span class='ocrx_word' id='word_1_3' title='bbox 1867 136 1965 184; x_wconf 83' lang='lat'>213</span> 
     </span>
     <span class='ocr_line' id='line_1_2' title="bbox 365 210 1965 290; baseline 0.001 -19"><span class='ocrx_word' id='word_1_4' title='bbox 365 214 646 289; x_wconf 79' lang='grc' dir='ltr'>βασιλέος</span> <span class='ocrx_word' id='word_1_5' title='bbox 670 212 742 288; x_wconf 86' lang='grc' dir='ltr'>ἦν</span> <span class='ocrx_word' id='word_1_6' title='bbox 767 213 1060 288; x_wconf 76' lang='grc' dir='ltr'>σῖδελφεὸς,</span> <span class='ocrx_word' id='word_1_7' title='bbox 1079 210 1437 273; x_wconf 80' lang='grc' dir='ltr'>Ὑστάσπεος</span> <span class='ocrx_word' id='word_1_8' title='bbox 1461 212 1522 271; x_wconf 80' lang='grc' dir='ltr'>δὲ</span> <span class='ocrx_word' id='word_1_9' title='bbox 1540 216 1641 271; x_wconf 87' lang='grc' dir='ltr'>τοῦ</span> <span class='ocrx_word' id='word_1_10' title='bbox 1665 211 1965 290; x_wconf 81' lang='grc' dir='ltr'>Ἀρσάμεω</span> 
     </span>
     <span class='ocr_line' id='line_1_3' title="bbox 365 298 1967 379; baseline 0.001 -20"><span class='ocrx_word' id='word_1_11' title='bbox 365 305 516 364; x_wconf 86' lang='grc' dir='ltr'>παῖς·</span> <span class='ocrx_word' id='word_1_12' title='bbox 586 300 648 363; x_wconf 82' lang='grc' dir='ltr'>ὃς</span> <span class='ocrx_word' id='word_1_13' title='bbox 695 302 788 359; x_wconf 83' lang='grc' dir='ltr'>καὶ</span> <span class='ocrx_word' id='word_1_14' title='bbox 834 300 1078 363; x_wconf 70' lang='grc' dir='ltr'>ἐκδιδούς</span> <span class='ocrx_word' id='word_1_15' title='bbox 1121 298 1230 374; x_wconf 73' lang='grc' dir='ltr'>τήν</span> <span class='ocrx_word' id='word_1_16' title='bbox 1276 300 1553 379; x_wconf 80' lang='grc' dir='ltr'>θυγατέρα</span> <span class='ocrx_word' id='word_1_17' title='bbox 1594 299 1825 379; x_wconf 79' lang='grc' dir='ltr'>Δαρείῳ,</span> <span class='ocrx_word' id='word_1_18' title='bbox 1866 299 1967 360; x_wconf 76' lang='grc' dir='ltr'>τᾶν</span> 
     </span>
     <span class='ocr_line' id='line_1_4' title="bbox 367 386 1967 462; baseline 0 -15"><span class='ocrx_word' id='word_1_19' title='bbox 367 388 521 449; x_wconf 81' lang='grc' dir='ltr'>οἶκον</span> <span class='ocrx_word' id='word_1_20' title='bbox 573 387 756 448; x_wconf 80' lang='grc' dir='ltr'>πάντα</span> <span class='ocrx_word' id='word_1_21' title='bbox 807 387 904 449; x_wconf 83' lang='grc' dir='ltr'>τόν</span> <span class='ocrx_word' id='word_1_22' title='bbox 957 391 1157 446; x_wconf 81' lang='grc' dir='ltr'>ἑωυτοῦ</span> <span class='ocrx_word' id='word_1_23' title='bbox 1211 386 1461 456; x_wconf 81' lang='grc' dir='ltr'>ἐπέδωκε,</span> <span class='ocrx_word' id='word_1_24' title='bbox 1528 386 1601 449; x_wconf 75' lang='grc' dir='ltr'>ὥς</span> <span class='ocrx_word' id='word_1_25' title='bbox 1650 386 1858 462; x_wconf 80' lang='grc' dir='ltr'>μούνου</span> <span class='ocrx_word' id='word_1_26' title='bbox 1912 391 1967 447; x_wconf 75' lang='grc' dir='ltr'>οἱ</span> 
     </span>
     <span class='ocr_line' id='line_1_5' title="bbox 367 472 1965 552; baseline -0.001 -17"><span class='ocrx_word' id='word_1_27' title='bbox 367 476 567 552; x_wconf 78' lang='grc' dir='ltr'>ἐούσης</span> <span class='ocrx_word' id='word_1_28' title='bbox 599 476 802 551; x_wconf 82' lang='grc' dir='ltr'>ταύτης</span> <span class='ocrx_word' id='word_1_29' title='bbox 835 476 1050 535; x_wconf 85' lang='grc' dir='ltr'>τέκνου.</span> <span class='ocrx_word' id='word_1_30' title='bbox 1130 472 1349 549; x_wconf 81' lang='grc' dir='ltr'>Ξέρξεώ</span> <span class='ocrx_word' id='word_1_31' title='bbox 1381 499 1444 532; x_wconf 89' lang='grc' dir='ltr'>τε</span> <span class='ocrx_word' id='word_1_32' title='bbox 1476 474 1544 549; x_wconf 73' lang='grc' dir='ltr'>δή</span> <span class='ocrx_word' id='word_1_33' title='bbox 1572 472 1669 533; x_wconf 84' lang='grc' dir='ltr'>δύο</span> <span class='ocrx_word' id='word_1_34' title='bbox 1697 473 1965 551; x_wconf 82' lang='grc' dir='ltr'>α’δελφεοὶ</span> 
     </span>
     <span class='ocr_line' id='line_1_6' title="bbox 365 560 1967 640; baseline -0.001 -17"><span class='ocrx_word' id='word_1_35' title='bbox 365 565 601 623; x_wconf 80' lang='grc' dir='ltr'>ἐνθαῦτα</span> <span class='ocrx_word' id='word_1_36' title='bbox 641 564 913 623; x_wconf 84' lang='grc' dir='ltr'>πίπτουσι</span> <span class='ocrx_word' id='word_1_37' title='bbox 950 560 1291 640; x_wconf 87' lang='grc' dir='ltr'>μαχεόμενοι</span> <span class='ocrx_word' id='word_1_38' title='bbox 1327 560 1467 636; x_wconf 78' lang='grc' dir='ltr'>ύπὲρ</span> <span class='ocrx_word' id='word_1_39' title='bbox 1500 565 1600 620; x_wconf 84' lang='grc' dir='ltr'>τοῦ</span> <span class='ocrx_word' id='word_1_40' title='bbox 1638 566 1829 637; x_wconf 83' lang='grc' dir='ltr'>νεκροῦ</span> <span class='ocrx_word' id='word_1_41' title='bbox 1865 566 1967 621; x_wconf 90' lang='grc' dir='ltr'>τοῦ</span> 
     </span>
     <span class='ocr_line' id='line_1_7' title="bbox 364 648 2058 727; baseline 0 -18"><span class='ocrx_word' id='word_1_42' title='bbox 364 651 662 711; x_wconf 80' lang='grc' dir='ltr'>Λεωνίδεω·</span> <span class='ocrx_word' id='word_1_43' title='bbox 707 651 975 727; x_wconf 88' lang='grc' dir='ltr'>Περσέων</span> <span class='ocrx_word' id='word_1_44' title='bbox 1000 676 1062 709; x_wconf 90' lang='grc' dir='ltr'>τε</span> <span class='ocrx_word' id='word_1_45' title='bbox 1089 650 1182 707; x_wconf 86' lang='grc' dir='ltr'>καὶ</span> <span class='ocrx_word' id='word_1_46' title='bbox 1203 648 1648 725; x_wconf 81' lang='grc' dir='ltr'>Λακεδαιμονίων</span> <span class='ocrx_word' id='word_1_47' title='bbox 1676 648 1925 726; x_wconf 82' lang='grc' dir='ltr'>ωθισμὸς</span> <span class='ocrx_word' id='word_1_48' title='bbox 1941 652 2058 709; x_wconf 84' lang='grc'>225</span> 
     </span>
     <span class='ocr_line' id='line_1_8' title="bbox 367 726 1965 817; baseline 0 -22"><span class='ocrx_word' id='word_1_49' title='bbox 367 738 582 817; x_wconf 79' lang='grc' dir='ltr'>ἐγένετο</span> <span class='ocrx_word' id='word_1_50' title='bbox 608 738 846 801; x_wconf 88' lang='grc' dir='ltr'>πολλός·</span> <span class='ocrx_word' id='word_1_51' title='bbox 889 744 944 801; x_wconf 84' lang='grc' dir='ltr'>ἐς</span> <span class='ocrx_word' id='word_1_52' title='bbox 981 766 1013 798; x_wconf 92' lang='grc' dir='ltr'>ο</span> <span class='ocrx_word' id='word_1_53' title='bbox 1054 726 1254 796; x_wconf 85' lang='grc' dir='ltr'>τοῦτόν</span> <span class='ocrx_word' id='word_1_54' title='bbox 1292 762 1354 796; x_wconf 92' lang='grc' dir='ltr'>τε</span> <span class='ocrx_word' id='word_1_55' title='bbox 1394 735 1565 814; x_wconf 84' lang='grc' dir='ltr'>οἷρετῇ</span> <span class='ocrx_word' id='word_1_56' title='bbox 1606 740 1659 795; x_wconf 81' lang='grc' dir='ltr'>οἱ</span> <span class='ocrx_word' id='word_1_57' title='bbox 1688 734 1965 812; x_wconf 83' lang='grc' dir='ltr'>Ἕλληνες</span> 
     </span>
     <span class='ocr_line' id='line_1_9' title="bbox 366 822 1959 903; baseline -0.001 -21"><span class='ocrx_word' id='word_1_58' title='bbox 366 822 749 902; x_wconf 81' lang='grc' dir='ltr'>υπεξείρυσαν,</span> <span class='ocrx_word' id='word_1_59' title='bbox 779 826 870 883; x_wconf 90' lang='grc' dir='ltr'>καὶ</span> <span class='ocrx_word' id='word_1_60' title='bbox 898 826 1199 903; x_wconf 81' lang='grc' dir='ltr'>ἐτρέψαντο</span> <span class='ocrx_word' id='word_1_61' title='bbox 1234 850 1361 887; x_wconf 84' lang='grc' dir='ltr'>τους</span> <span class='ocrx_word' id='word_1_62' title='bbox 1396 824 1673 887; x_wconf 78' lang='grc' dir='ltr'>ἐναντίους</span> <span class='ocrx_word' id='word_1_63' title='bbox 1696 824 1959 901; x_wconf 79' lang='grc' dir='ltr'>τετράκις.</span> 
     </span>
     <span class='ocr_line' id='line_1_10' title="bbox 365 909 1963 990; baseline 0 -21"><span class='ocrx_word' id='word_1_64' title='bbox 365 915 532 971; x_wconf 87' lang='grc' dir='ltr'>τοῦτο</span> <span class='ocrx_word' id='word_1_65' title='bbox 584 911 644 971; x_wconf 81' lang='grc' dir='ltr'>δὲ</span> <span class='ocrx_word' id='word_1_66' title='bbox 697 910 1034 987; x_wconf 86' lang='grc' dir='ltr'>συνεστήκεε</span> <span class='ocrx_word' id='word_1_67' title='bbox 1086 912 1254 990; x_wconf 84' lang='grc' dir='ltr'>μέχρι</span> <span class='ocrx_word' id='word_1_68' title='bbox 1300 909 1365 970; x_wconf 79' lang='grc' dir='ltr'>οὗ</span> <span class='ocrx_word' id='word_1_69' title='bbox 1418 914 1473 970; x_wconf 79' lang='grc' dir='ltr'>οἱ</span> <span class='ocrx_word' id='word_1_70' title='bbox 1526 912 1633 972; x_wconf 77' lang='grc' dir='ltr'>σῦν</span> <span class='ocrx_word' id='word_1_71' title='bbox 1683 909 1963 990; x_wconf 78' lang='grc' dir='ltr'>Ἐπιάλτῃ</span> 
     </span>
     <span class='ocr_line' id='line_1_11' title="bbox 366 997 1963 1080; baseline 0.001 -25"><span class='ocrx_word' id='word_1_72' title='bbox 366 1000 756 1080; x_wconf 80' lang='grc' dir='ltr'>παρεγένοντο·</span> <span class='ocrx_word' id='word_1_73' title='bbox 799 999 870 1063; x_wconf 75' lang='grc' dir='ltr'>ὥς</span> <span class='ocrx_word' id='word_1_74' title='bbox 904 1000 964 1058; x_wconf 86' lang='grc' dir='ltr'>δὲ</span> <span class='ocrx_word' id='word_1_75' title='bbox 1000 997 1228 1062; x_wconf 83' lang='grc' dir='ltr'>τούτους</span> <span class='ocrx_word' id='word_1_76' title='bbox 1266 998 1418 1075; x_wconf 87' lang='grc' dir='ltr'>ἥκειν</span> <span class='ocrx_word' id='word_1_77' title='bbox 1453 998 1722 1059; x_wconf 80' lang='grc' dir='ltr'>ἐπύθοντο</span> <span class='ocrx_word' id='word_1_78' title='bbox 1754 1002 1807 1058; x_wconf 79' lang='grc' dir='ltr'>οἶ</span> <span class='ocrx_word' id='word_1_79' title='bbox 1828 998 1963 1057; x_wconf 84' lang='grc' dir='ltr'>Ἔλ-</span> 
     </span>
     <span class='ocr_line' id='line_1_12' title="bbox 365 1086 1965 1167; baseline 0.001 -23"><span class='ocrx_word' id='word_1_80' title='bbox 365 1090 544 1162; x_wconf 90' lang='grc' dir='ltr'>ληνες,</span> <span class='ocrx_word' id='word_1_81' title='bbox 575 1088 824 1147; x_wconf 83' lang='grc' dir='ltr'>ἐνθεῦτεν</span> <span class='ocrx_word' id='word_1_82' title='bbox 847 1086 954 1164; x_wconf 86' lang='grc' dir='ltr'>ἤδη</span> <span class='ocrx_word' id='word_1_83' title='bbox 981 1090 1291 1164; x_wconf 75' lang='grc' dir='ltr'>ἑτεροιοῦτο</span> <span class='ocrx_word' id='word_1_84' title='bbox 1326 1087 1393 1146; x_wconf 83' lang='grc' dir='ltr'>τὸ</span> <span class='ocrx_word' id='word_1_85' title='bbox 1430 1090 1624 1151; x_wconf 79' lang='grc' dir='ltr'>νεῖκος·</span> <span class='ocrx_word' id='word_1_86' title='bbox 1680 1089 1733 1150; x_wconf 80' lang='grc' dir='ltr'>ἔς</span> <span class='ocrx_word' id='word_1_87' title='bbox 1763 1113 1825 1147; x_wconf 89' lang='grc' dir='ltr'>τε</span> <span class='ocrx_word' id='word_1_88' title='bbox 1855 1087 1965 1167; x_wconf 82' lang='grc' dir='ltr'>γοῖρ</span> 
     </span>
     <span class='ocr_line' id='line_1_13' title="bbox 363 1173 1964 1253; baseline 0.001 -20"><span class='ocrx_word' id='word_1_89' title='bbox 363 1174 429 1233; x_wconf 82' lang='grc' dir='ltr'><em>τό</em></span> <span class='ocrx_word' id='word_1_90' title='bbox 456 1173 680 1235; x_wconf 74' lang='grc' dir='ltr'>στεινόν</span> <span class='ocrx_word' id='word_1_91' title='bbox 705 1178 807 1250; x_wconf 65' lang='lat' dir='ltr'>rije</span> <span class='ocrx_word' id='word_1_92' title='bbox 839 1175 972 1235; x_wconf 76' lang='grc' dir='ltr'>ὁδοῦ</span> <span class='ocrx_word' id='word_1_93' title='bbox 1003 1173 1309 1253; x_wconf 75' lang='grc' dir='ltr'>ἀνεχώρεον</span> <span class='ocrx_word' id='word_1_94' title='bbox 1344 1173 1544 1245; x_wconf 76' lang='grc' dir='ltr'>ὀπίσω,</span> <span class='ocrx_word' id='word_1_95' title='bbox 1574 1174 1665 1234; x_wconf 86' lang='grc' dir='ltr'>καὶ</span> <span class='ocrx_word' id='word_1_96' title='bbox 1697 1200 1964 1251; x_wconf 89' lang='grc' dir='ltr'>παραμει-</span> 
     </span>
     <span class='ocr_line' id='line_1_14' title="bbox 365 1261 1964 1340; baseline 0.002 -20"><span class='ocrx_word' id='word_1_97' title='bbox 365 1261 604 1338; x_wconf 79' lang='grc' dir='ltr'>ψάμενοι</span> <span class='ocrx_word' id='word_1_98' title='bbox 628 1261 695 1323; x_wconf 83' lang='grc' dir='ltr'><strong>τό</strong></span> <span class='ocrx_word' id='word_1_99' title='bbox 729 1266 914 1340; x_wconf 84' lang='grc' dir='ltr'>τεῖχος</span> <span class='ocrx_word' id='word_1_100' title='bbox 945 1261 1203 1325; x_wconf 84' lang='grc' dir='ltr'>ἐλθόντες</span> <span class='ocrx_word' id='word_1_101' title='bbox 1240 1261 1421 1333; x_wconf 77' lang='grc' dir='ltr'>ἵζοντο</span> <span class='ocrx_word' id='word_1_102' title='bbox 1459 1264 1550 1321; x_wconf 81' lang='grc' dir='ltr'>ἐπὶ</span> <span class='ocrx_word' id='word_1_103' title='bbox 1585 1262 1685 1323; x_wconf 75' lang='grc' dir='ltr'>τᾶν</span> <span class='ocrx_word' id='word_1_104' title='bbox 1718 1262 1964 1323; x_wconf 80' lang='grc' dir='ltr'>κολωνὸν</span> 
     </span>
     <span class='ocr_line' id='line_1_15' title="bbox 364 1348 1963 1425; baseline 0.003 -19"><span class='ocrx_word' id='word_1_105' title='bbox 364 1349 563 1413; x_wconf 79' lang='grc' dir='ltr'>πάντες</span> <span class='ocrx_word' id='word_1_106' title='bbox 587 1348 748 1412; x_wconf 74' lang='grc' dir='ltr'>ἅλέες</span> <span class='ocrx_word' id='word_1_107' title='bbox 775 1354 828 1409; x_wconf 84' lang='grc' dir='ltr'>οἶ</span> <span class='ocrx_word' id='word_1_108' title='bbox 853 1350 1043 1418; x_wconf 74' lang='grc' dir='ltr'>ἄλλοι,</span> <span class='ocrx_word' id='word_1_109' title='bbox 1069 1348 1223 1424; x_wconf 73' lang='grc' dir='ltr'>πλὴν</span> <span class='ocrx_word' id='word_1_110' title='bbox 1248 1350 1533 1425; x_wconf 82' lang='grc' dir='ltr'>Θηβαίων·</span> <span class='ocrx_word' id='word_1_111' title='bbox 1576 1350 1607 1409; x_wconf 83' lang='grc' dir='ltr'>ὁ</span> <span class='ocrx_word' id='word_1_112' title='bbox 1635 1348 1695 1409; x_wconf 79' lang='grc' dir='ltr'>δὲ</span> <span class='ocrx_word' id='word_1_113' title='bbox 1722 1348 1963 1413; x_wconf 80' lang='grc' dir='ltr'>κολωνός</span> 
     </span>
     <span class='ocr_line' id='line_1_16' title="bbox 367 1436 1961 1517; baseline 0.001 -23"><span class='ocrx_word' id='word_1_114' title='bbox 367 1440 489 1495; x_wconf 86' lang='grc' dir='ltr'>ε’στι</span> <span class='ocrx_word' id='word_1_115' title='bbox 515 1443 572 1496; x_wconf 80' lang='grc' dir='ltr'>ἐν</span> <span class='ocrx_word' id='word_1_116' title='bbox 598 1441 669 1515; x_wconf 80' lang='grc' dir='ltr'>τῇ</span> <span class='ocrx_word' id='word_1_117' title='bbox 697 1437 931 1517; x_wconf 68' lang='grc' dir='ltr'>ε’σόὸῳ”’</span> <span class='ocrx_word' id='word_1_118' title='bbox 899 1462 1030 1497; x_wconf 88' lang='grc' dir='ltr'>οκου</span> <span class='ocrx_word' id='word_1_119' title='bbox 1057 1441 1155 1496; x_wconf 89' lang='grc' dir='ltr'>νῦν</span> <span class='ocrx_word' id='word_1_120' title='bbox 1179 1436 1211 1496; x_wconf 77' lang='grc' dir='ltr'>ὁ</span> <span class='ocrx_word' id='word_1_121' title='bbox 1238 1438 1449 1499; x_wconf 87' lang='grc' dir='ltr'>λίθινος</span> <span class='ocrx_word' id='word_1_122' title='bbox 1476 1437 1667 1496; x_wconf 71' lang='grc' dir='ltr'>λέων”</span> <span class='ocrx_word' id='word_1_123' title='bbox 1640 1462 1840 1513; x_wconf 88' lang='grc' dir='ltr'>εστηκε</span> <span class='ocrx_word' id='word_1_124' title='bbox 1868 1438 1961 1496; x_wconf 81' lang='grc' dir='ltr'>ἐπὶ</span> 
     </span>
     <span class='ocr_line' id='line_1_17' title="bbox 364 1522 1965 1603; baseline 0.001 -22"><span class='ocrx_word' id='word_1_125' title='bbox 364 1525 628 1602; x_wconf 82' lang='grc' dir='ltr'>Λεωνίδῃ·</span> <span class='ocrx_word' id='word_1_126' title='bbox 697 1528 756 1583; x_wconf 77' lang='grc' dir='ltr'>ἐν</span> <span class='ocrx_word' id='word_1_127' title='bbox 805 1524 982 1603; x_wconf 82' lang='grc' dir='ltr'>τούτω</span> <span class='ocrx_word' id='word_1_128' title='bbox 1035 1524 1222 1599; x_wconf 87' lang='grc' dir='ltr'>σφέας</span> <span class='ocrx_word' id='word_1_129' title='bbox 1272 1527 1350 1602; x_wconf 77' lang='grc' dir='ltr'>τῷ</span> <span class='ocrx_word' id='word_1_130' title='bbox 1387 1523 1547 1603; x_wconf 77' lang='grc' dir='ltr'>χῶρω</span> <span class='ocrx_word' id='word_1_131' title='bbox 1596 1522 1965 1600; x_wconf 79' lang='grc' dir='ltr'>αλεξομένους</span> 
     </span>
     <span class='ocr_line' id='line_1_18' title="bbox 364 1610 1959 1691; baseline 0.001 -23"><span class='ocrx_word' id='word_1_132' title='bbox 364 1612 694 1689; x_wconf 83' lang='grc' dir='ltr'>μαχαίρῃσι,</span> <span class='ocrx_word' id='word_1_133' title='bbox 733 1615 888 1672; x_wconf 87' lang='grc' dir='ltr'>τοῖσι</span> <span class='ocrx_word' id='word_1_134' title='bbox 929 1612 1109 1671; x_wconf 73' lang='grc' dir='ltr'>αὐτῶν</span> <span class='ocrx_word' id='word_1_135' title='bbox 1157 1610 1459 1691; x_wconf 76' lang='grc' dir='ltr'>ἐτύγχανον</span> <span class='ocrx_word' id='word_1_136' title='bbox 1500 1612 1581 1670; x_wconf 82' lang='grc' dir='ltr'>ἔτι</span> <span class='ocrx_word' id='word_1_137' title='bbox 1618 1616 1959 1687; x_wconf 87' lang='grc' dir='ltr'>περιεοῦσαι,</span> 
     </span>
     <span class='ocr_line' id='line_1_19' title="bbox 367 1698 1963 1778; baseline 0.002 -22"><span class='ocrx_word' id='word_1_138' title='bbox 367 1699 460 1756; x_wconf 86' lang='grc' dir='ltr'>καὶ</span> <span class='ocrx_word' id='word_1_139' title='bbox 511 1698 677 1777; x_wconf 87' lang='grc' dir='ltr'>χερσὶ</span> <span class='ocrx_word' id='word_1_140' title='bbox 731 1700 824 1758; x_wconf 85' lang='grc' dir='ltr'>καὶ</span> <span class='ocrx_word' id='word_1_141' title='bbox 875 1698 1146 1776; x_wconf 87' lang='grc' dir='ltr'>στόμασι,</span> <span class='ocrx_word' id='word_1_142' title='bbox 1203 1699 1527 1778; x_wconf 87' lang='grc' dir='ltr'>κατέχωσαν</span> <span class='ocrx_word' id='word_1_143' title='bbox 1570 1702 1623 1758; x_wconf 85' lang='grc' dir='ltr'>οἱ</span> <span class='ocrx_word' id='word_1_144' title='bbox 1671 1698 1963 1777; x_wconf 81' lang='grc' dir='ltr'>βάρβαροι</span> 
     </span>
     <span class='ocr_line' id='line_1_20' title="bbox 364 1785 1963 1864; baseline 0.001 -19"><span class='ocrx_word' id='word_1_145' title='bbox 364 1785 695 1860; x_wconf 75' lang='grc' dir='ltr'>βάλλοντες,</span> <span class='ocrx_word' id='word_1_146' title='bbox 732 1790 786 1845; x_wconf 79' lang='grc' dir='ltr'>οἱ</span> <span class='ocrx_word' id='word_1_147' title='bbox 825 1791 928 1864; x_wconf 82' lang='grc' dir='ltr'>μὲν</span> <span class='ocrx_word' id='word_1_148' title='bbox 968 1789 1031 1858; x_wconf 81' lang='grc' dir='ltr'>ἐξ</span> <span class='ocrx_word' id='word_1_149' title='bbox 1069 1788 1316 1862; x_wconf 79' lang='grc' dir='ltr'>ἐναντίης</span> <span class='ocrx_word' id='word_1_150' title='bbox 1357 1785 1725 1863; x_wconf 82' lang='grc' dir='ltr'>ἐπισπόμενοι</span> <span class='ocrx_word' id='word_1_151' title='bbox 1766 1787 1859 1844; x_wconf 86' lang='grc' dir='ltr'>καὶ</span> <span class='ocrx_word' id='word_1_152' title='bbox 1896 1788 1963 1846; x_wconf 83' lang='grc' dir='ltr'><em>τό</em></span> 
     </span>
     <span class='ocr_line' id='line_1_21' title="bbox 366 1873 1963 1956; baseline 0.001 -23"><span class='ocrx_word' id='word_1_153' title='bbox 366 1874 540 1950; x_wconf 83' lang='grc' dir='ltr'>ἔρυμα</span> <span class='ocrx_word' id='word_1_154' title='bbox 566 1878 668 1934; x_wconf 90' lang='grc' dir='ltr'>τοῦ</span> <span class='ocrx_word' id='word_1_155' title='bbox 698 1875 910 1954; x_wconf 86' lang='grc' dir='ltr'>τείχεος</span> <span class='ocrx_word' id='word_1_156' title='bbox 947 1873 1360 1956; x_wconf 77' lang='grc' dir='ltr'>συγχώσαντες,</span> <span class='ocrx_word' id='word_1_157' title='bbox 1392 1876 1447 1932; x_wconf 80' lang='grc' dir='ltr'>οἳ</span> <span class='ocrx_word' id='word_1_158' title='bbox 1484 1873 1543 1932; x_wconf 83' lang='grc' dir='ltr'>δὲ</span> <span class='ocrx_word' id='word_1_159' title='bbox 1578 1873 1963 1951; x_wconf 84' lang='grc' dir='ltr'>περιελθόντες</span> 
     </span>
     <span class='ocr_line' id='line_1_22' title="bbox 363 1961 988 2042; baseline 0.003 -22"><span class='ocrx_word' id='word_1_160' title='bbox 363 1961 606 2023; x_wconf 81' lang='grc' dir='ltr'>πάντοθε</span> <span class='ocrx_word' id='word_1_161' title='bbox 630 1962 988 2042; x_wconf 87' lang='grc' dir='ltr'>περισταδόν.</span> 
     </span>
    </p>

    <p class='ocr_par' dir='ltr' id='par_1_2' title="bbox 307 2050 2058 3350">
     <span class='ocr_line' id='line_1_23' title="bbox 441 2050 2056 2132; baseline 0.002 -24"><span class='ocrx_word' id='word_1_162' title='bbox 441 2050 892 2128; x_wconf 84' lang='grc' dir='ltr'>Λακεδαιμονίων</span> <span class='ocrx_word' id='word_1_163' title='bbox 932 2051 992 2110; x_wconf 82' lang='grc' dir='ltr'>δὲ</span> <span class='ocrx_word' id='word_1_164' title='bbox 1025 2052 1116 2110; x_wconf 84' lang='grc' dir='ltr'>καὶ</span> <span class='ocrx_word' id='word_1_165' title='bbox 1148 2051 1435 2111; x_wconf 79' lang='grc' dir='ltr'>Θεσπιέων</span> <span class='ocrx_word' id='word_1_166' title='bbox 1470 2051 1733 2113; x_wconf 76' lang='grc' dir='ltr'>τοιούτων</span> <span class='ocrx_word' id='word_1_167' title='bbox 1766 2075 1921 2132; x_wconf 88' lang='grc' dir='ltr'>γενο-</span> <span class='ocrx_word' id='word_1_168' title='bbox 1938 2051 2056 2111; x_wconf 84' lang='grc'>226</span> 
     </span>
     <span class='ocr_line' id='line_1_24' title="bbox 307 2135 1962 2220; baseline 0.001 -25"><span class='ocrx_word' id='word_1_169' title='bbox 307 2142 323 2154; x_wconf 86' lang='grc'><em>’</em></span> <span class='ocrx_word' id='word_1_170' title='bbox 363 2138 554 2211; x_wconf 88' lang='grc' dir='ltr'>μένων,</span> <span class='ocrx_word' id='word_1_171' title='bbox 577 2138 724 2214; x_wconf 82' lang='grc' dir='ltr'>ὅμως</span> <span class='ocrx_word' id='word_1_172' title='bbox 743 2138 970 2219; x_wconf 88' lang='grc' dir='ltr'>λέγεται</span> <span class='ocrx_word' id='word_1_173' title='bbox 995 2137 1135 2214; x_wconf 72' lang='grc' dir='ltr'>ἀνὴρ</span> <span class='ocrx_word' id='word_1_174' title='bbox 1156 2135 1383 2211; x_wconf 74' lang='grc' dir='ltr'>ἄριστος</span> <span class='ocrx_word' id='word_1_175' title='bbox 1402 2139 1667 2220; x_wconf 86' lang='grc' dir='ltr'>γενέσθαι</span> <span class='ocrx_word' id='word_1_176' title='bbox 1687 2137 1962 2214; x_wconf 82' lang='grc' dir='ltr'>Σπαρτιή-</span> 
     </span>
     <span class='ocr_line' id='line_1_25' title="bbox 363 2223 1963 2302; baseline 0 -18"><span class='ocrx_word' id='word_1_177' title='bbox 363 2247 462 2296; x_wconf 83' lang='grc' dir='ltr'>της</span> <span class='ocrx_word' id='word_1_178' title='bbox 498 2225 786 2300; x_wconf 82' lang='grc' dir='ltr'>Διηνέκης·</span> <span class='ocrx_word' id='word_1_179' title='bbox 826 2225 928 2285; x_wconf 81' lang='grc' dir='ltr'>τόν</span> <span class='ocrx_word' id='word_1_180' title='bbox 957 2225 1086 2284; x_wconf 83' lang='grc' dir='ltr'>τόδε</span> <span class='ocrx_word' id='word_1_181' title='bbox 1123 2226 1275 2302; x_wconf 86' lang='grc' dir='ltr'>φασὶ</span> <span class='ocrx_word' id='word_1_182' title='bbox 1316 2225 1467 2284; x_wconf 79' lang='grc' dir='ltr'>εἶπαι</span> <span class='ocrx_word' id='word_1_183' title='bbox 1506 2226 1571 2286; x_wconf 78' lang='grc' dir='ltr'>τὰ</span> <span class='ocrx_word' id='word_1_184' title='bbox 1607 2227 1735 2288; x_wconf 80' lang='grc' dir='ltr'>ἔπος</span> <span class='ocrx_word' id='word_1_185' title='bbox 1765 2225 1895 2301; x_wconf 84' lang='grc' dir='ltr'>πρὶν</span> <span class='ocrx_word' id='word_1_186' title='bbox 1928 2223 1963 2300; x_wconf 84' lang='grc' dir='ltr'><em>ἢ</em></span> 
     </span>
     <span class='ocr_line' id='line_1_26' title="bbox 345 2311 1965 2390; baseline 0.004 -26"><span class='ocrx_word' id='word_1_187' title='bbox 345 2311 639 2385; x_wconf 71' lang='grc' dir='ltr'>συμμίξαι</span> <span class='ocrx_word' id='word_1_188' title='bbox 665 2311 850 2386; x_wconf 88' lang='grc' dir='ltr'>σφέας</span> <span class='ocrx_word' id='word_1_189' title='bbox 874 2315 1028 2370; x_wconf 83' lang='grc' dir='ltr'>τοῖσι</span> <span class='ocrx_word' id='word_1_190' title='bbox 1054 2312 1327 2387; x_wconf 84' lang='grc' dir='ltr'>Μήδοισι,</span> <span class='ocrx_word' id='word_1_191' title='bbox 1354 2312 1671 2389; x_wconf 86' lang='grc' dir='ltr'>πυθόμενον</span> <span class='ocrx_word' id='word_1_192' title='bbox 1705 2311 1846 2390; x_wconf 89' lang='grc' dir='ltr'>πρός</span> <span class='ocrx_word' id='word_1_193' title='bbox 1870 2337 1965 2371; x_wconf 88' lang='grc' dir='ltr'>τευ</span> 
     </span>
     <span class='ocr_line' id='line_1_27' title="bbox 363 2397 1965 2477; baseline 0.004 -25"><span class='ocrx_word' id='word_1_194' title='bbox 363 2397 473 2454; x_wconf 75' lang='grc' dir='ltr'>τῶν</span> <span class='ocrx_word' id='word_1_195' title='bbox 511 2399 816 2475; x_wconf 83' lang='grc' dir='ltr'>Τρηχινίων</span> <span class='ocrx_word' id='word_1_196' title='bbox 857 2398 928 2460; x_wconf 75' lang='grc' dir='ltr'>ὥς</span> <span class='ocrx_word' id='word_1_197' title='bbox 967 2399 1134 2458; x_wconf 77' lang='grc' dir='ltr'>ἐπεὰν</span> <span class='ocrx_word' id='word_1_198' title='bbox 1176 2403 1229 2458; x_wconf 87' lang='grc' dir='ltr'>οἱ</span> <span class='ocrx_word' id='word_1_199' title='bbox 1273 2399 1565 2477; x_wconf 75' lang='grc' dir='ltr'>βάρβαροι</span> <span class='ocrx_word' id='word_1_200' title='bbox 1619 2400 1855 2460; x_wconf 84' lang='grc' dir='ltr'>α’,πιέωσι</span> <span class='ocrx_word' id='word_1_201' title='bbox 1892 2399 1965 2459; x_wconf 83' lang='grc' dir='ltr'>τοὶ</span> 
     </span>
     <span class='ocr_line' id='line_1_28' title="bbox 363 2481 1960 2564; baseline 0.004 -24"><span class='ocrx_word' id='word_1_202' title='bbox 363 2481 692 2560; x_wconf 76' lang='grc' dir='ltr'>τοξεύματα,</span> <span class='ocrx_word' id='word_1_203' title='bbox 723 2484 822 2545; x_wconf 77' lang='grc' dir='ltr'>τᾶν</span> <span class='ocrx_word' id='word_1_204' title='bbox 851 2485 1016 2562; x_wconf 85' lang='grc' dir='ltr'>ἥλιον</span> <span class='ocrx_word' id='word_1_205' title='bbox 1049 2485 1159 2545; x_wconf 80' lang='grc' dir='ltr'>ὖπό</span> <span class='ocrx_word' id='word_1_206' title='bbox 1193 2491 1294 2546; x_wconf 87' lang='grc' dir='ltr'>τοῦ</span> <span class='ocrx_word' id='word_1_207' title='bbox 1328 2487 1577 2564; x_wconf 87' lang='grc' dir='ltr'>πλήθεος</span> <span class='ocrx_word' id='word_1_208' title='bbox 1610 2492 1720 2548; x_wconf 79' lang='grc' dir='ltr'>τῶν</span> <span class='ocrx_word' id='word_1_209' title='bbox 1754 2486 1960 2547; x_wconf 76' lang='grc' dir='ltr'>ὀϊστῶν</span> 
     </span>
     <span class='ocr_line' id='line_1_29' title="bbox 364 2566 1965 2649; baseline 0.004 -22"><span class='ocrx_word' id='word_1_210' title='bbox 364 2566 804 2647; x_wconf 74' lang='grc' dir='ltr'>ἀποκρύπτουσι·</span> <span class='ocrx_word' id='word_1_211' title='bbox 844 2571 1085 2633; x_wconf 84' lang='grc' dir='ltr'>τοσοῦτό</span> <span class='ocrx_word' id='word_1_212' title='bbox 1115 2599 1171 2632; x_wconf 86' lang='grc' dir='ltr'>τι</span> <span class='ocrx_word' id='word_1_213' title='bbox 1202 2575 1425 2649; x_wconf 88' lang='grc' dir='ltr'>πλῆθος</span> <span class='ocrx_word' id='word_1_214' title='bbox 1453 2575 1632 2635; x_wconf 77' lang='grc' dir='ltr'>αὐτῶν</span> <span class='ocrx_word' id='word_1_215' title='bbox 1667 2575 1832 2634; x_wconf 82' lang='grc' dir='ltr'>εἶναι·’</span> <span class='ocrx_word' id='word_1_216' title='bbox 1862 2573 1965 2634; x_wconf 74' lang='grc' dir='ltr'>τᾶν</span> 
     </span>
     <span class='ocr_line' id='line_1_30' title="bbox 365 2655 1963 2740; baseline 0.002 -25"><span class='ocrx_word' id='word_1_217' title='bbox 365 2655 426 2715; x_wconf 81' lang='grc' dir='ltr'>δὲ</span> <span class='ocrx_word' id='word_1_218' title='bbox 451 2656 551 2716; x_wconf 76' lang='grc' dir='ltr'>οὐκ</span> <span class='ocrx_word' id='word_1_219' title='bbox 577 2660 926 2740; x_wconf 73' lang='grc' dir='ltr'>ἐκπλαγέντα</span> <span class='ocrx_word' id='word_1_220' title='bbox 949 2659 1217 2730; x_wconf 86' lang='grc' dir='ltr'>τούτοισι,</span> <span class='ocrx_word' id='word_1_221' title='bbox 1246 2663 1430 2734; x_wconf 81' lang='grc' dir='ltr'>εἰπεῖν,</span> <span class='ocrx_word' id='word_1_222' title='bbox 1465 2667 1523 2721; x_wconf 84' lang='grc' dir='ltr'>ἐν</span> <span class='ocrx_word' id='word_1_223' title='bbox 1550 2661 1753 2740; x_wconf 84' lang='grc' dir='ltr'>οἷλογίῃ</span> <span class='ocrx_word' id='word_1_224' title='bbox 1780 2660 1963 2718; x_wconf 86' lang='grc' dir='ltr'>ποιεύ-</span> 
     </span>
     <span class='ocr_line' id='line_1_31' title="bbox 363 2740 1963 2826; baseline 0.003 -24"><span class='ocrx_word' id='word_1_225' title='bbox 363 2770 531 2820; x_wconf 89' lang='grc' dir='ltr'>μενον</span> <span class='ocrx_word' id='word_1_226' title='bbox 563 2740 638 2806; x_wconf 73' lang='grc' dir='ltr'>τό</span> <span class='ocrx_word' id='word_1_227' title='bbox 666 2750 778 2808; x_wconf 80' lang='grc' dir='ltr'>τῶν</span> <span class='ocrx_word' id='word_1_228' title='bbox 807 2748 1018 2824; x_wconf 82' lang='grc' dir='ltr'>Μήδων</span> <span class='ocrx_word' id='word_1_229' title='bbox 1056 2749 1296 2824; x_wconf 84' lang='grc' dir='ltr'>πλῆθος,</span> <span class='ocrx_word' id='word_1_230' title='bbox 1326 2747 1395 2810; x_wconf 74' lang='grc' dir='ltr'>ὥς</span> <span class='ocrx_word' id='word_1_231' title='bbox 1427 2748 1608 2811; x_wconf 74' lang='grc' dir='ltr'>πάντα</span> <span class='ocrx_word' id='word_1_232' title='bbox 1636 2754 1749 2823; x_wconf 89' lang='grc' dir='ltr'>σφι</span> <span class='ocrx_word' id='word_1_233' title='bbox 1774 2746 1963 2826; x_wconf 67' lang='grc' dir='ltr'>οἷγαθαῖ</span> 
     </span>
     <span class='ocr_line' id='line_1_32' title="bbox 363 2830 1965 2916; baseline 0.003 -27"><span class='ocrx_word' id='word_1_234' title='bbox 363 2830 396 2889; x_wconf 80' lang='grc' dir='ltr'>ὁ</span> <span class='ocrx_word' id='word_1_235' title='bbox 429 2831 722 2912; x_wconf 72' lang='grc' dir='ltr'>Τρηχίνιος</span> <span class='ocrx_word' id='word_1_236' title='bbox 755 2836 928 2905; x_wconf 82' lang='grc' dir='ltr'>ξεῖνος</span> <span class='ocrx_word' id='word_1_237' title='bbox 962 2834 1253 2916; x_wconf 71' lang='grc' dir='ltr'>ἀγγέλλοι,</span> <span class='ocrx_word' id='word_1_238' title='bbox 1289 2839 1335 2893; x_wconf 86' lang='grc' dir='ltr'>εἰ</span> <span class='ocrx_word' id='word_1_239' title='bbox 1366 2832 1829 2912; x_wconf 77' lang='grc' dir='ltr'>ἀποκρυπτόντων</span> <span class='ocrx_word' id='word_1_240' title='bbox 1854 2836 1965 2894; x_wconf 77' lang='grc' dir='ltr'>τῶν</span> 
     </span>
     <span class='ocr_line' id='line_1_33' title="bbox 363 2918 1961 3000; baseline 0.004 -24"><span class='ocrx_word' id='word_1_241' title='bbox 363 2919 572 2994; x_wconf 80' lang='grc' dir='ltr'>Μήδων</span> <span class='ocrx_word' id='word_1_242' title='bbox 609 2921 710 2982; x_wconf 81' lang='grc' dir='ltr'>τόν</span> <span class='ocrx_word' id='word_1_243' title='bbox 749 2922 914 2998; x_wconf 87' lang='grc' dir='ltr'>ἥλιον</span> <span class='ocrx_word' id='word_1_244' title='bbox 951 2922 1060 2982; x_wconf 73' lang='grc' dir='ltr'>ὖπό</span> <span class='ocrx_word' id='word_1_245' title='bbox 1101 2925 1239 3000; x_wconf 86' lang='grc' dir='ltr'>σκιῇ</span> <span class='ocrx_word' id='word_1_246' title='bbox 1280 2922 1467 2981; x_wconf 80' lang='grc' dir='ltr'>ἔσοιτο</span> <span class='ocrx_word' id='word_1_247' title='bbox 1506 2919 1646 2996; x_wconf 80' lang='grc' dir='ltr'>πρός</span> <span class='ocrx_word' id='word_1_248' title='bbox 1686 2918 1885 2982; x_wconf 72' lang='grc' dir='ltr'>αὐτοῦς</span> <span class='ocrx_word' id='word_1_249' title='bbox 1922 2919 1961 2996; x_wconf 84' lang='grc' dir='ltr'><em>ἤ</em></span> 
     </span>
     <span class='ocr_line' id='line_1_34' title="bbox 345 3005 1960 3088; baseline -0.001 -22"><span class='ocrx_word' id='word_1_250' title='bbox 345 3005 533 3086; x_wconf 76' lang='grc' dir='ltr'>μάχη,</span> <span class='ocrx_word' id='word_1_251' title='bbox 566 3007 660 3067; x_wconf 84' lang='grc' dir='ltr'>καὶ</span> <span class='ocrx_word' id='word_1_252' title='bbox 686 3009 785 3068; x_wconf 73' lang='grc' dir='ltr'>οὐκ</span> <span class='ocrx_word' id='word_1_253' title='bbox 813 3015 872 3070; x_wconf 92' lang='grc' dir='ltr'>ε’ν</span> <span class='ocrx_word' id='word_1_254' title='bbox 895 3009 1058 3088; x_wconf 78' lang='grc' dir='ltr'>ἡλίῳ.</span> <span class='ocrx_word' id='word_1_255' title='bbox 1111 3013 1116 3019; x_wconf 79' lang='grc'><strong>’</strong></span> <span class='ocrx_word' id='word_1_256' title='bbox 1140 3013 1317 3069; x_wconf 86' lang='grc' dir='ltr'>ταῦτα</span> <span class='ocrx_word' id='word_1_257' title='bbox 1341 3011 1444 3085; x_wconf 78' lang='grc' dir='ltr'>μὲν</span> <span class='ocrx_word' id='word_1_258' title='bbox 1476 3008 1568 3067; x_wconf 83' lang='grc' dir='ltr'>καὶ</span> <span class='ocrx_word' id='word_1_259' title='bbox 1594 3007 1749 3066; x_wconf 78' lang='grc' dir='ltr'>ἄλλα</span> <span class='ocrx_word' id='word_1_260' title='bbox 1782 3031 1960 3066; x_wconf 88' lang='grc' dir='ltr'>τοιου-</span> 
     </span>
     <span class='ocr_line' id='line_1_35' title="bbox 359 3092 1965 3172; baseline 0.001 -20"><span class='ocrx_word' id='word_1_261' title='bbox 359 3093 610 3171; x_wconf 87' lang='grc' dir='ltr'>τότροπα</span> <span class='ocrx_word' id='word_1_262' title='bbox 651 3095 786 3154; x_wconf 79' lang='grc' dir='ltr'>ἔπεσί</span> <span class='ocrx_word' id='word_1_263' title='bbox 839 3103 990 3172; x_wconf 84' lang='grc' dir='ltr'>φασι</span> <span class='ocrx_word' id='word_1_264' title='bbox 1045 3098 1317 3171; x_wconf 87' lang='grc' dir='ltr'>Διηνέκεα</span> <span class='ocrx_word' id='word_1_265' title='bbox 1375 3095 1475 3154; x_wconf 83' lang='grc' dir='ltr'>τόν</span> <span class='ocrx_word' id='word_1_266' title='bbox 1527 3092 1965 3170; x_wconf 82' lang='grc' dir='ltr'>Λακεδαιμόνιον</span> 
     </span>
     <span class='ocr_line' id='line_1_36' title="bbox 361 3179 2058 3260; baseline 0.002 -23"><span class='ocrx_word' id='word_1_267' title='bbox 361 3183 632 3243; x_wconf 85' lang='grc' dir='ltr'>λιπέσθαι</span> <span class='ocrx_word' id='word_1_268' title='bbox 655 3183 1011 3260; x_wconf 87' lang='grc' dir='ltr'>μνημόσυνα.</span> <span class='ocrx_word' id='word_1_269' title='bbox 1093 3183 1259 3242; x_wconf 85' lang='grc' dir='ltr'>Μετοὶ</span> <span class='ocrx_word' id='word_1_270' title='bbox 1284 3183 1343 3241; x_wconf 84' lang='grc' dir='ltr'>δὲ</span> <span class='ocrx_word' id='word_1_271' title='bbox 1367 3185 1565 3240; x_wconf 87' lang='grc' dir='ltr'>τοῦτον</span> <span class='ocrx_word' id='word_1_272' title='bbox 1592 3180 1922 3257; x_wconf 76' lang='grc' dir='ltr'>ἀριστεῦσαι</span> <span class='ocrx_word' id='word_1_273' title='bbox 1940 3179 2058 3241; x_wconf 78' lang='grc'>227</span> 
     </span>
     <span class='ocr_line' id='line_1_37' title="bbox 351 3266 1965 3350; baseline -0.002 -19"><span class='ocrx_word' id='word_1_274' title='bbox 351 3269 622 3350; x_wconf 73' lang='grc' dir='ltr'>λέγονται</span> <span class='ocrx_word' id='word_1_275' title='bbox 669 3270 1100 3347; x_wconf 84' lang='grc' dir='ltr'>Λακεδαιμόνιοι</span> <span class='ocrx_word' id='word_1_276' title='bbox 1153 3269 1253 3328; x_wconf 82' lang='grc' dir='ltr'>δύο</span> <span class='ocrx_word' id='word_1_277' title='bbox 1292 3268 1575 3344; x_wconf 76' lang='grc' dir='ltr'>ἀδελφεοὶ,</span> <span class='ocrx_word' id='word_1_278' title='bbox 1615 3266 1861 3343; x_wconf 87' lang='grc' dir='ltr'>Ἀλφεός</span> <span class='ocrx_word' id='word_1_279' title='bbox 1903 3292 1965 3327; x_wconf 89' lang='grc' dir='ltr'>τε</span> 
     </span>
    </p>

    <p class='ocr_par' dir='ltr' id='par_1_3' title="bbox 400 3352 1135 3404">
     <span class='ocr_line' id='line_1_38' title="bbox 400 3352 1135 3404; baseline -0.004 -3"><span class='ocrx_word' id='word_1_280' title='bbox 400 3352 611 3404; x_wconf 84' lang='grc' dir='ltr'><strong>ῙῘ.--17</strong></span> <span class='ocrx_word' id='word_1_281' title='bbox 1125 3391 1135 3398; x_wconf 95' lang='grc'><strong><em>.</em></strong></span> 
     </span>
    </p>
   </div>
  </div>
 </body>
</html>
