2259 3500
325 122 540 185 69-74]
965 120 1278 172 ornum.
1320 173 1332 183 ,
1827 123 1922 173 247

325 202 648 279 οἶκῦδόμεον
683 200 784 261 διὰ
813 204 916 261 τοῦ
947 200 1185 277 Ἰσθμοῦ
1220 202 1424 279 τεῖχος·
1465 198 1563 261 ἅτε
1593 200 1654 259 δὲ
1687 194 1926 261 ἐουσέων

323 289 630 367 μυριαδέων
679 289 940 348 πολλέων
987 288 1082 346 καὶ
1127 286 1336 350 παντός
1382 286 1579 363 ἀνδρὸς
1627 288 1923 367 ἐργαζομέ-

325 402 444 446 νου,
471 374 632 453 ἤνετο
655 376 722 435 τὸ
749 377 930 456 ἔργον·
972 376 1066 434 καὶ
1090 374 1201 456 γὰρ
1228 376 1396 446 λίθοι,
1434 376 1525 433 καὶ
1552 376 1793 443 πλίνθοι,
1831 376 1924 433 καὶ

326 464 486 535 ξύλα,
515 465 608 522 καὶ
633 464 846 541 φορμοὶ
873 462 1108 541 ψάμμου
1134 461 1375 539 πλήρεες
1401 462 1790 540 ἐσεφορέοντο·
1833 462 1925 521 καὶ

327 552 542 612 ἐλίνυον
583 550 778 611 ουδένα
809 550 1014 629 χρονον
1042 553 1096 611 οἶ
1126 549 1519 626 βοηθήσαντες
1554 549 1925 630 ἐργαζόμενοι,

327 638 452 699 οὔτε
477 639 670 703 νυκτὸς
695 636 822 697 οὔτε
845 638 1074 717 ἡμέρης.
1160 641 1233 697 Οἱ
1259 638 1319 696 δὲ
1354 637 1771 713 βωθήσαντες’
1745 664 1801 701 ες
1824 638 1923 698 τᾶν
1939 638 2019 698 72

327 724 561 802 ’Ῑσ-θμόν
603 726 894 803 πανδημεὶ,
937 727 1052 785 οἶδε
1091 724 1241 801 ἦσαν
1284 724 1593 801 Ἑλλήνων·
1661 725 1927 785 Λακεδαι-

328 811 518 888 μόνιοί
557 838 618 872 τε
672 815 764 872 καὶ
813 813 1080 891 Ἀρκάδες
1129 812 1347 883 πάντες,
1404 814 1494 872 καὶ
1546 812 1783 884 Ἠλεῖοι,
1838 814 1929 871 καὶΙ

333 900 639 977 Κορίνθιοι,
667 901 760 959 καὶ
796 900 1100 971 Σικυώνιοι,
1127 902 1219 959 καὶ
1248 900 1609 978 Ἐπιδαύριοι,
1638 902 1731 959 καὶ
1756 900 1927 959 Φλιά-

333 1012 468 1055 σιοι,
531 988 622 1046 καὶ
682 988 1010 1065 Τροιζήνιοι,
1067 987 1160 1046 καὶ
1213 987 1544 1066 Ἑρμιονέες.
1628 984 1781 1048 οὗτοι
1826 991 1930 1065 μὲν

331 1072 482 1150 ἦσαν
517 1078 570 1134 οἱ
603 1074 996 1151 βοηθήσαντες
1031 1076 1125 1133 καὶ
1159 1074 1661 1153 ὑπεραρρωδέοντες
1694 1080 1768 1155 τῇ
1801 1076 1929 1135 Ἑλ-

332 1161 462 1221 λάδι
479 1162 884 1242 κινδυνευούσῃ·
911 1167 1064 1223 τοῖσι
1079 1162 1391 1233 δὲᾶλλοισι
1408 1164 1930 1240 Πελοποννησίοισι

335 1250 498 1325 ἔμελε
525 1249 694 1311 οὐδέν.
780 1249 1072 1327 Ὀλύμπια
1097 1251 1159 1310 δὲ
1186 1252 1279 1309 καὶ
1304 1250 1551 1329 Κάρνεια
1586 1251 1931 1330 παροιχώκεε

334 1336 454 1413 ἤδη.
541 1339 725 1397 Οἷκέει
777 1338 838 1397 δὲ
891 1338 996 1414 τὴν
1055 1338 1501 1414 Πελοπόννησον
1562 1341 1717 1399 ἔθνεα
1774 1340 1929 1399 ἑπτά·
1950 1341 2027 1400 73

335 1423 543 1485 τούτων
563 1425 622 1485 δὲ
645 1425 718 1485 τὰ
742 1428 848 1502 μὲν
880 1425 991 1500 δύο,
1023 1424 1339 1505 αὐτόχθονα
1372 1426 1549 1500 ἐόντα,
1580 1426 1721 1486 κατὰ
1746 1427 1934 1504 χώρην

341 1512 551 1588 &pm-ae.
575 1518 672 1574 νῦν
695 1513 801 1589 τήν
829 1515 928 1573 καῖ
947 1514 1014 1574 τὰ
1040 1513 1221 1572 πάλαι
1248 1514 1441 1588 οἴκεον,
1466 1514 1729 1591 Ἀρκάδες
1753 1540 1815 1573 τε
1842 1516 1935 1573 καὶ

341 1600 656 1677 Κυνούριοι·
700 1602 758 1660 ἓν
793 1602 854 1661 δὲ
889 1602 1058 1675 ἔθνος,
1097 1600 1164 1661 τό
1198 1596 1482 1679 Ἀχαῖκόν,
1516 1606 1577 1659 ἐκ
1610 1605 1715 1678 μὲν
1750 1605 1935 1661 Πελο·

340 1686 624 1764 ποννήσου
677 1687 776 1747 οὐκ
831 1689 1161 1770 ἐξεχώρησε,
1216 1693 1277 1747 ἐκ
1322 1689 1515 1765 μέντοι
1558 1692 1661 1768 τῆς
1707 1692 1936 1768 ἔωυτῷν·

341 1776 482 1835 οῑκέε
529 1775 601 1836 δὲ’
634 1777 738 1854 τὴν
778 1777 1102 1856 ἀλλοτρίην.
1185 1777 1257 1838 τοὶ
1300 1778 1359 1836 δὲ
1406 1776 1581 1836 λοιπσῖ
1630 1778 1787 1836 ἔθνεα
1824 1781 1936 1837 τῶν

341 1864 480 1924 ἑπτὰ
531 1865 823 1948 [τέσσερα]
885 1865 1137 1942 ἐπήλυδα.
1197 1871 1339 1926 ἐστι·
1424 1866 1659 1942 Δωριέες
1710 1890 1787 1938 τε,
1846 1866 1938 1924 καὶ

341 1955 596 2028 Αἰτωλοὶ,
634 1955 725 2014 καὶ
762 1954 1030 2032 Δρύοπες,
1064 1955 1159 2014 καὶ
1199 1952 1455 2031 Λήμνιοι.
1543 1954 1795 2030 Δωριέων
1834 1955 1937 2030 μὲν

339 2044 559 2102 πολλαί
598 2070 660 2104 τε
709 2045 802 2103 καὶ
843 2043 1062 2120 δόκιμοι
1103 2041 1289 2105 πόλις·
1364 2043 1631 2101 Αἰτωλῶν
1674 2041 1733 2099 δὲ
1758 2038 1939 2104 ’Haes-

339 2130 536 2206 μούνη·
580 2131 852 2209 Δρυόπων
888 2131 948 2190 δὲ
979 2130 1248 2209 Ἑρμιόνη
1282 2156 1345 2190 τε
1380 2129 1474 2188 καὶ
1504 2128 1705 2204 Ἀσίνη
1730 2127 1769 2204 ἦ
1800 2128 1939 2204 πρός

343 2219 696 2296 Καρδαμύλῃ
727 2221 800 2296 τῇ
831 2222 1143 2296 Λακωνικῇ·
1186 2218 1446 2296 Λημνίων
1476 2217 1537 2276 δὲ
1574 2221 1962 2294 Παρωρεῆται..

342 2303 560 2367 πάντες.
625 2309 680 2364 οἱ
704 2306 764 2364 δε
793 2305 1091 2382 Κυνούριοι
1117 2305 1503 2384 αὖτόχθονες’
1478 2304 1657 2368 εόντες
1682 2305 1939 2364 δοκέουσι

343 2393 540 2467 μοῦνοι
581 2390 721 2450 εἶναι
750 2390 952 2455 ”·Ῑωνες
1010 2392 1445 2500 ἐκδεδωρίευνται
1478 2391 1607 2451 δὲε
1573 2392 1684 2451 υπό
1720 2419 1782 2452 τε
1813 2393 1940 2470 Ἀρ-

344 2477 506 2558 γείων
546 2477 848 2556 α’ρχόμενοι
889 2479 980 2538 καὶ
1019 2483 1118 2540 τοῦ
1160 2479 1382 2558 χρόνου,
1424 2481 1609 2542 ἐόντες
1649 2479 1943 2556 Ὀρνεῆται

346 2564 438 2624 καὶ
464 2567 754 2643 περίοικοι.
805 2567 1014 2628 τούτων
1037 2565 1112 2628 ὠν
1136 2571 1247 2627 τῶν
1273 2568 1411 2626 ἑπτοὶ
1440 2567 1635 2627 ἐθνέων
1662 2569 1720 2624 αἶ
1746 2567 1941 2648 λοιπαὶ

344 2652 526 2725 πόλις,
553 2653 734 2732 παρεξ
755 2682 867 2716 των
898 2655 1183 2730 κατέλεξα,
1218 2661 1281 2714 ἐκ
1310 2659 1412 2715 τοῦ
1450 2655 1632 2731 μέσου
1659 2654 1939 2713 ἐκατέατο·

349 2745 396 2799 εἰ
423 2741 481 2799 δὲ
509 2744 806 2822 ἐλευθέρως
825 2743 1008 2815 ἔξεστι
1035 2747 1223 2818 ειπεῖν,
1242 2748 1302 2802 ἐκ
1320 2747 1421 2804 τοῦ
1445 2742 1627 2819 μέσου
1648 2740 1945 2817 κατήμενοι

348 2828 625 2908 ἐμήδιζον.
1670 2849 1675 2852 “

429 2920 506 2976 Oe.
529 2943 634 2994 μεν
653 2919 722 2996 δὴ
739 2923 798 2980 ἐν
814 2924 892 3000 τῷ
914 2919 1128 2998 Ἰσθμῷ
1146 2918 1375 2998 τοιούτῳ
1395 2917 1545 2997 πόνῳ
1566 2918 1939 3002 συνέστασαν,
1958 2915 2037 2975 74

347 3002 445 3064 ἅτε
479 3007 608 3084 περὶ
637 3011 738 3067 τοῦ
771 3007 977 3071 παντός
1005 3007 1114 3084 ἤδη
1156 3005 1362 3083 δρόμον
1402 3006 1633 3072 θέοντες,
1678 3004 1769 3062 καὶ
1808 3008 1945 3080 τῇσι

347 3094 514 3168 νηυσὶ
551 3093 649 3154 οὔκ
685 3097 1002 3166 ἐλπίζοντες
1037 3093 1453 3172 ἐλλάμψεσθαι·
1497 3094 1551 3149 οἱ
1580 3091 1639 3149 δὲ
1671 3095 1729 3149 ἐν
1763 3091 1945 3152 Σαλα-

345 3184 466 3260 μῖνι
492 3183 644 3263 ὁμῶς
671 3187 850 3244 ταῦτα
884 3181 1287 3258 πυνθανόμενοι
1324 3178 1614 3256 ἀρρώδεον,
1660 3175 1759 3236 οὖκ
1808 3175 1947 3236 οὕτω

345 3271 476 3350 περὶ
517 3274 694 3350 σφίσι
728 3271 952 3332 αὐτοῖσι
984 3269 1353 3344 δειμαίνοντες
1388 3265 1459 3328 ὦς
1494 3265 1623 3342 περὶ
1656 3269 1729 3344 τῇ
1762 3269 1947 3324 Πελο-
