2259 3500
323 79 418 126 316
953 75 1319 125 ἩΡοΔοΤοϊ
1792 77 1925 142 [IX.

321 156 426 232 τήν
460 155 722 230 Ἀττικὴν
765 154 872 214 σῦν
915 159 1164 230 στρατοῦ
1207 153 1431 230 πλήθεΐ,
1476 155 1569 216 καὶ
1610 155 1931 217 ἀνίστασαν

318 243 450 324 ςτοῦς
489 243 711 318 δήμους,
741 241 841 302 οὐκ
885 241 1089 304 εἰδότες
1134 243 1221 302 ἵνα
1260 242 1579 312 ὕπεξέκειτο
1620 243 1659 319 ἧ
1704 243 1925 329 Ἑλένη,

319 332 448 394 τότε
491 332 728 410 λέγουσι
769 329 896 393 τούς
941 330 1235 401 Δεκελέας,
1272 334 1326 388 οἱ
1369 331 1427 390 δὲ
1468 331 1635 392 αὐτὸν
1679 333 1929 418 Δέκελον

319 417 634 499 ἀχθόμενόν
669 444 732 478 τε
761 421 832 497 τῇ
869 418 1088 494 Θησέος
1115 418 1267 495 ὕβρι,
1301 419 1393 477 καὶ
1421 420 1773 496 δειμαίνοντα
1798 421 1928 499 περὶ

319 507 480 586 πάσῃ
507 510 578 585 τῇ
601 505 910 582 Ἀθηναίων
935 505 1108 585 χώρῃ,
1140 507 1559 586 ἐξηγησάμενόν
1588 513 1700 583 σφι
1726 506 1792 568 τὸ
1812 513 1928 569 πᾶν

323 599 574 676 πρῆγμα,
619 593 1052 674 κατηγήσασθαι
1099 595 1192 652 ε’πὶ
1230 594 1331 658 τάς
1368 593 1653 670 Ἀφίδνας.
1711 595 1812 658 τάς
1858 590 1927 672 δή

319 683 570 754 Τιτακός,
609 681 712 742 ε’ὢν
753 681 1056 760 αὐτόχθων,
1101 683 1498 760 καταπροδιδοῖ
1536 683 1924 763 Τυνδαρίδῃσι·

316 776 469 834 τοῖσι
497 772 556 831 δὲ
584 775 894 832 Δεκελεῦσι
921 776 979 830 ἐν
1009 770 1241 850 Σπάρτῃ
1268 769 1382 830 ἀπὸ
1407 770 1607 832 τούτου
1633 775 1734 830 τοῦ
1763 774 1925 853 ἔργου

318 860 542 936 ἀτελείη
576 886 639 919 τε
682 859 774 918 καὶ
816 859 1080 936 προεδρίη
1125 859 1396 920 διατελέει
1436 864 1492 923 ἐς
1530 857 1660 920 τόδε
1693 860 1800 917 αἰεὶ
1846 861 1924 921 ἔτι

318 953 506 1019 εὀὓσα,
535 946 676 1008 οὕτω
717 946 862 1008 ὥστε
904 948 995 1006 καὶ
1037 953 1092 1011 ἐς
1130 947 1229 1006 τὸν
1263 947 1518 1024 πόλεμον
1550 947 1649 1007 τόν
1688 945 1925 1025 ὕστερον

317 1040 592 1097 πολλοῖσι
621 1037 770 1095 ἔτεσι
803 1034 1013 1094 τούτων
1043 1035 1344 1116 γενόμενον
1368 1033 1728 1110 Ἀθηναίοισί
1742 1061 1804 1094 τε
1833 1037 1923 1094 καὶ

318 1123 856 1197 Πελοποννησίοισι,
899 1125 1235 1200 σινεομένων
1276 1122 1381 1198 τήν
1430 1122 1615 1199 ἀλλην
1660 1122 1922 1199 Ἀττικὴν

225 1211 300 1271 74
318 1208 781 1285 Λακεδαιμονίων,
818 1210 1098 1284 Δεκελέης
1140 1209 1523 1289 ἀποσχέσθαι.
1580 1210 1793 1270 Τούτου
1823 1211 1923 1271 τοῦ

319 1297 496 1373 δήμου
518 1296 620 1356 εἰόν
639 1295 671 1356 ὅ
689 1295 962 1372 Σωφάνης
983 1298 1073 1356 καὶ
1095 1296 1433 1375 ἀριστεύσας
1451 1299 1580 1359 τότε
1597 1298 1919 1375 Ἀθηναίων,

321 1384 500 1454 διξοῦς
531 1384 738 1465 λόγους
769 1385 1105 1465 λεγομένους
1150 1388 1282 1466 ἔχει·
1324 1387 1422 1448 τόν
1457 1389 1577 1464 μὲν,
1612 1386 1681 1464 ὥς
1724 1391 1784 1446 ἐκ
1822 1393 1921 1447 τοῦ

315 1473 598 1551 ζωστῆρος
621 1477 721 1533 τοῦ
751 1473 996 1550 θώρηκος
1029 1475 1229 1551 ε’φόρεε
1264 1476 1480 1554 χαλκέῃ
1510 1474 1683 1536 ἀλύσι
1709 1473 1919 1552 δεδεμέ-

315 1588 416 1638 νην
441 1561 686 1643 ἀγκυραν
719 1563 1001 1638 σιδηρέην·
1034 1561 1153 1638 τὴν,
1194 1561 1329 1626 ὅκως
1364 1562 1635 1622 πελάσειε
1669 1563 1920 1624 ἀπικνεό·

314 1677 478 1729 μενος
503 1654 656 1711 τοῖσι
693 1652 1036 1728 πολεμίοισι,
1081 1652 1463 1727 βαλλέσκετο,
1504 1651 1591 1710 ἵνα
1634 1650 1702 1730 δή
1734 1677 1830 1729 μιν
1870 1656 1921 1712 οἱ

315 1741 579 1817 πολέμιοι
605 1739 963 1803 ἐκπίπτοντες
999 1745 1057 1799 ἐκ
1090 1743 1190 1815 τῆς
1220 1737 1407 1810 τάξιος
1438 1745 1809 1817 μετακινῆσαι
1838 1741 1919 1818 μὴ

313 1829 589 1889 δυναίατο.
647 1830 939 1909 γινομένης
968 1829 1027 1886 δὲ
1057 1832 1240 1908 φυγῆς
1265 1833 1374 1889 τῶν
1403 1828 1672 1899 ἐναντίων,
1696 1828 1919 1889 δέδοκτο

311 1916 417 1993 τὴν
457 1915 702 1998 ἄγκυραν
743 1915 1106 1991 ἀναλαβόντα
1150 1915 1289 1975 οὕτω
1335 1914 1562 1977 διώκειν·
1620 1913 1780 1978 οὗτος
1818 1920 1921 1994 μὲν

313 2004 456 2064 οὕτω
495 2006 740 2086 λέγεται·
784 2002 816 2062 ὁ
853 2002 900 2062 δ’
939 2004 1122 2081 ἕτερος
1158 2008 1266 2063 τῶν
1299 2003 1502 2084 λόγων,
1536 2007 1615 2083 τῷ
1650 2003 1921 2081 πρότερον

312 2092 572 2171 λεχθέντι
607 2090 1020 2167 ἀμφισβατέων
1056 2092 1298 2170 λέγεται,
1330 2090 1401 2154 ὥς
1428 2089 1510 2150 ἐπ’
1539 2090 1778 2155 ἀσπίδος
1815 2094 1919 2151 αἰεὶ

313 2178 678 2256 περιθεούσης
729 2168 838 2236 καὶι
863 2176 1077 2255 οὖδαμά
1118 2176 1522 2255 ἀτρεμιζούσης
1565 2180 1762 2257 ἐφόρεε
1808 2180 1918 2238 ε’πί-

313 2293 498 2344 σημον
531 2263 789 2346 ἄγκυραν,
829 2266 922 2325 καὶ
965 2266 1064 2326 οὗκ
1102 2272 1163 2326 ἐκ
1194 2272 1297 2327 τοῦ
1338 2267 1586 2345 θώρηκος
1630 2268 1921 2345 δεδεμένην

215 2362 295 2421 75
313 2354 595 2431 σιδηρέην.
665 2352 838 2414 Ἔστι
881 2354 940 2414 δὲ
983 2356 1076 2414 καὶ
1120 2356 1307 2432 ἕτερον
1350 2356 1609 2432 Σωφάνεϊ
1653 2354 1919 2432 λαμπρόν

313 2443 476 2522 ἔργον
523 2442 945 2524 ἐξεργασμένον,
991 2443 1078 2504 ὅτι
1121 2444 1568 2520 περικατημένων
1609 2442 1920 2519 Ἀθηναίων

312 2532 562 2611 Αἴγιναν,
598 2529 938 2607 Εὐρυβάτην
968 2532 1066 2591 τὸν
1093 2530 1352 2612 Ἀργεῖον
1380 2530 1551 2608 ἄνδρα
1578 2530 1920 2592 πεντάεθλον

313 2623 373 2678 ἐκ
398 2618 749 2696 προκλήσιος
777 2618 1066 2695 ἐφόνευσε.
1151 2618 1319 2680 αὐτὸν
1347 2618 1406 2678 δὲ
1440 2619 1713 2695 Σωφάνεα
1738 2617 1921 2697 χρόνῳ

310 2704 546 2784 ὕστερον
570 2706 779 2767 τούτων
817 2708 1114 2783 κατέλαβε,
1146 2705 1321 2783 ἄνδρα
1355 2707 1653 2788 γενόμενον
1688 2706 1919 2787 ἀγαθὰν,

310 2792 621 2871 Ἀθηναίων
639 2794 1057 2876 στρατηγέοντα
1084 2794 1203 2870 ἅμα
1221 2795 1453 2876 Λεάγρῳ
1474 2798 1552 2873 τῷ
1569 2796 1917 2863 Γλαύκωνος,

312 2880 613 2942 ἀποθανεῖν
637 2882 747 2942 ὖπό
767 2881 1024 2941 Ἠδωνῶν
1051 2886 1110 2941 ἐν
1139 2881 1305 2960 Δάτῳ
1329 2883 1459 2960 περὶ
1484 2886 1595 2941 τῶν
1620 2881 1921 2958 μετάλλων

310 2972 421 3028 τῶν
459 2972 712 3048 χρυσέων
751 2970 1126 3048 μαχεόμενον.

216 3057 291 3115 76
391 3056 489 3119 Ὡς
525 3056 583 3114 δὲ
623 3058 778 3115 τοῖσι
803 3055 1058 3131 Ἕλλησι
1091 3061 1151 3116 ἐν
1177 3061 1508 3133 Πλαταιῇσι
1536 3058 1919 3132 κατέστρωντο

311 3145 366 3200 οἱ
388 3144 698 3219 βάρβαροι,
727 3142 963 3203 ε’νθαῧτά
989 3150 1103 3220 σφι
1125 3144 1340 3218 ε’πῆλθε
1359 3142 1498 3221 γυνὴ
1519 3141 1851 3218 αὐτόμολος·
1880 3140 1921 3216 ἢ

325 3229 498 3305 ’τα-ὃν*
527 3230 701 3306 ἔμαθε
726 3229 1098 3293 ἀπολωλότας
1121 3229 1253 3292 τοῦς
1279 3230 1511 3305 Πέρσας
1536 3228 1631 3288 καὶ
1656 3232 1921 3289 νικῶντας
