2259 3500
349 115 630 180 nez-148]
974 112 1345 173 nonnum.
1845 112 1935 167 179

346 202 407 255 ἐκ
441 200 543 255 τοῦ
579 193 801 254 Πόντου
836 191 1125 273 σιταγωγὰ
1163 191 1542 253 διεκπλώοντα
1566 190 1665 253 τᾶν
1689 192 1938 268 Ἑλλήσ-

344 308 567 351 ποντον,
596 283 649 345 ἔς
672 307 734 341 τε
761 281 991 361 Αἴγιναν
1012 281 1105 339 καὶ
1124 279 1568 355 Πελοπόννησον
1587 280 1940 357 κομιζόμενα·

347 372 401 430 οἶ
424 371 528 447 μὲν
554 369 621 445 δὴ
647 368 908 445 πάρεδροι
934 366 1120 437 αὐτοῦ,
1150 367 1221 430 αἷς
1249 366 1517 427 ἐπύθοντο
1535 368 1782 443 πολέμια
1803 368 1942 427 εἶναι

344 457 417 517 τᾶ.
455 459 647 526 πλοῖα,
686 460 897 533 ἑτοῖμοι
936 454 1085 531 ἦσαν
1124 456 1326 532 αἱρέειν
1365 453 1522 525 ath-02,
1564 456 1944 531 ἐσβλέποντες

346 549 403 609 ἐς
446 544 545 605 τόν
588 545 844 621 βασιλέα
864 542 1047 609 ,ὁκότε
1094 544 1485 623 παραγγελέει·
1541 542 1574 603 ὁ
1620 543 1680 601 δὲ
1732 543 1942 621 Ξέρξης

347 634 523 711 εἴρετο
564 630 775 701 αὐτοῦς,
814 630 917 707 ὅκη
956 631 1210 700 πλέοιεν;
1261 633 1316 690 οἶ
1355 630 1414 689 δὲ
1452 629 1630 691 εἶπαν·
1673 641 1710 666 “
1728 636 1783 693 ἐς
1812 631 1944 695 τούς

348 720 485 782 σούς
523 720 843 796 πολεμίους,
888 718 929 777 ὦ
968 718 1235 787 δέσποτα,
1277 722 1439 778 σῖτον
1478 716 1756 799 ἄγοντες·”
1807 718 1839 779 ὁ
1881 719 1942 779 δὲ

348 804 659 882 ὑπολαβών
710 806 837 882 ἔφη·
892 816 929 842 “
945 805 1044 865 οὔκ
1086 804 1161 865 ὦν
1202 805 1294 863 καὶ
1333 805 1492 882 ἡμεῖς
1533 808 1646 864 ἐκεῖ
1695 806 1942 883 πλέομεν

352 892 585 970 ἔνθαπερ
620 893 713 951 καὶ
748 892 901 952 οὗτοι
934 892 1092 953 τοῖσί
1122 918 1184 952 τε
1209 892 1443 952 ἄλλοισι
1468 892 1822 970 ἐξηρτυμένοι
1849 896 1940 953 καὶ

349 977 487 1059 σίτῳ
506 1006 523 1051 ;
562 982 623 1041 τί
644 981 783 1056 δῆτα
808 979 1091 1040 ἀδικέουσι
1116 979 1270 1039 οὗτοι
1294 979 1427 1056 ἡμῖν
1453 981 1609 1041 σιτία
1633 983 1950 1058 παρακομί-.

348 1067 586 1139 ζοντες;”
647 1072 701 1127 οἵ.
738 1069 844 1145 μέν
883 1093 981 1128 νυν
1020 1067 1368 1128 κατάσκοποι
1422 1069 1562 1129 οὕτω
1603 1068 1948 1145 θεησάμενοί

345 1181 409 1215 τε
434 1157 526 1216 καὶ
550 1156 1011 1233 ἀποπεμφθέντες
1036 1155 1351 1232 ἐνόστησαν
1378 1161 1431 1221 ἐς
1449 1157 1553 1233 τὴν
1577 1156 1870 1234 Εὐρώπην.

429 1246 505 1303 Οἱ
536 1244 594 1303 δὲ
630 1244 946 1321 συνωμόται
971 1243 1262 1319 Ἑλλήνων
1288 1244 1379 1305 ἐπὶ
1410 1248 1486 1323 τῷ
1519 1246 1732 1323 Πέρσῃ,
1759 1245 1900 1321 μετὰ
1921 1248 2038 1305 148

344 1330 449 1407 τήν
490 1329 816 1410 ἀπόπεμψιν
853 1334 963 1392 τῶν
1004 1332 1388 1405 κατασκόπων,
1429 1332 1655 1411 δεύτερα
1695 1336 1942 1410 ἔπεμπον

348 1422 404 1483 ἐς
431 1417 642 1500 ’Ἄργος
680 1418 975 1501 ἀγγέλους.
1054 1418 1300 1501 Ἀργεῖοι
1341 1420 1400 1479 δὲ
1438 1423 1672 1501 λέγουσι
1711 1421 1782 1481 τὰ
1823 1422 1940 1483 κατ’

349 1505 579 1569 ἐωυτοῦς
616 1507 879 1588 γενέσθαι
921 1506 1043 1566 ὧδε·
1097 1507 1378 1569 πυθέσθαι
1423 1507 1534 1588 γὰρ
1582 1508 1776 1569 αὐτίκα
1823 1508 1941 1568 κατ’

346 1592 527 1671 ἆρχᾶς
554 1592 625 1653 τοὶ
658 1598 717 1652 ἐκ
748 1598 847 1653 τοῦ
874 1593 1178 1671 βαρβάρου
1211 1593 1530 1675 ἐγειρόμενα
1564 1596 1656 1654 ἐπὶ
1685 1595 1788 1671 τὴν
1811 1595 1942 1655 Ἑλ-

346 1680 512 1752 λάδα,
538 1680 841 1758 πυθόμενοι
872 1681 947 1752 δὲ,
978 1682 1069 1741 καὶ
1100 1682 1372 1759 μαθόντες
1405 1680 1476 1745 ὥς
1509 1689 1696 1759 σφεας
1727 1686 1780 1741 οῖ
1803 1683 1941 1742 Ἔλ-

346 1773 512 1845 ληνες
530 1768 891 1844 πειρήσονται
909 1769 1449 1848 παραλαμβάνοντες
1465 1773 1558 1830 ἐπὶ
1575 1771 1674 1832 τόν
1689 1771 1938 1847 Πέρσην,

344 1858 567 1935 πέμψαι
598 1857 941 1935 θεοπρόπους
973 1863 1028 1922 ἐς
1055 1858 1335 1935 Δελφούς,
1360 1858 1460 1919 τᾶν
1493 1857 1622 1919 θεόν
1653 1863 1941 1936 ἐπειρησο-

343 1947 542 2023 μένους
586 1944 657 2008 ὦς
699 1951 813 2021 σφι
853 1947 1055 2023 μέλλει
1096 1944 1330 2024 ἄριστον
1375 1951 1599 2008 ποιεῦσι
1639 1947 1938 2027 γενέσθαις

345 2035 543 2094 νεωστὶ
560 2033 671 2115 γοῖρ
698 2034 893 2110 σφέων
916 2031 1176 2094 τεθνάναι
1202 2033 1609 2113 ἑξακισχιλίους
1633 2033 1742 2095 ὖπὸ
1764 2041 1942 2094 Λακε·

346 2119 637 2199 δαιμονίων
664 2122 757 2181 καὶ
783 2123 1135 2199 Κλεομένεος
1158 2125 1258 2181 τοῦ
1283 2121 1730 2200 Ἀναξανδρίδεω·
1770 2123 1943 2182 τῶνδε

348 2207 415 2282 δή
436 2210 615 2269 εἵνεκα.
632 2210 890 2286 πέμπειν·
917 2209 1022 2285 τὴν
1041 2209 1101 2268 δὲ
1122 2211 1343 2286 Πυθίην
1363 2214 1700 2288 ἐπειρωτῶσι
1719 2209 1943 2272 αῧτοῖσι

349 2291 565 2355 ἀνελεῖν
588 2296 739 2354 τάδε·

470 2399 651 2461 Ἔχθρὲ
684 2401 1046 2462 περικτιόνεσσι,
1086 2400 1185 2462 φίλ’
1221 2403 1502 2452 ἀθανάτοισι
1537 2405 1702 2464 θεοῖσι,

480 2473 592 2520 εἴσω
624 2473 707 2519 τὸν
740 2473 1190 2536 προβόλαιον·ἔχων
1223 2477 1592 2536 πεφυλαγμένος
1623 2475 1732 2536 ἧσο,

481 2544 561 2590 καὶ
594 2544 811 2604 κεφαλὴν
844 2547 1113 2605 πεφύλαξο·
1161 2547 1282 2608 κάρη
1316 2548 1368 2594 δὲ
1399 2548 1457 2595 τὸ
1491 2549 1631 2606 σῶμα
1664 2546 1860 2596 σαώσει.

348 2644 525 2703 ταῦτα
564 2646 669 2722 μὲν
706 2645 810 2721 τήν
845 2647 1065 2724 Πυθίην
1101 2651 1317 2727 χρῆσαι
1355 2647 1642 2726 πρότερον·
1683 2647 1826 2724 μετὰ
1866 2647 1942 2719 δὲ,

351 2728 422 2792 ὥς
456 2732 640 2792 ἐλθεῖν
667 2733 797 2796 τούς
830 2733 1105 2815 ἀγγέλους
1141 2740 1194 2798 ἐς
1230 2734 1299 2812 δή
1331 2735 1398 2796 τό
1422 2735 1649 2817 Ἄργος,
1688 2735 1946 2795 ἐπελθεῖν

350 2817 442 2876 ἐπὶ
464 2819 530 2880 τὰ
556 2819 961 2899 βουλευτήριον
980 2822 1073 2882 καὶ
1098 2823 1286 2904 λέγειν
1303 2823 1376 2883 τὰ
1397 2821 1782 2899 ἐντεταλμένα·
1813 2821 1944 2886 τούς

348 2904 409 2964 δὲ
442 2907 584 2985 πρὸς
612 2906 683 2967 w)
716 2908 995 2991 λεγόμενα
1026 2909 1452 2988 ὑποκρίνασθαι,
1479 2909 1550 2974 ὥς
1585 2908 1801 2986 ἐτοῖμοί
1831 2913 1943 2969 εἶσι

346 2990 593 3076 Ἀργεῖοι
618 2996 824 3056 ποιέειν
847 3001 1039 3069 ταῦτα,
1064 2996 1363 3076 τριήκοντα
1391 2999 1514 3059 ἔτεα
1540 2995 1758 3075 εἰρήνην
1785 3023 1943 3056 σπει-

347 3081 585 3159 σάμενοι
634 3084 1125 3162 Λακεδαιμονίοισι
1179 3087 1272 3146 καὶ
1326 3085 1620 3166 ἡγεόμενοι
1678 3083 1818 3145 κατοὶ
1873 3083 1942 3145 vd

345 3167 525 3246 ἥμισυ
568 3170 759 3250 πάσης
801 3175 905 3249 τῆς
948 3174 1291 3254 συμμαχίης·
1347 3173 1524 3232 καίτοι
1571 3171 1712 3232 κατά
1757 3196 1826 3253 γε
1875 3172 1944 3232 τό

346 3255 559 3326 δίκαιον
595 3261 856 3343 γίνεσθαι
886 3259 993 3337 τὴν
1024 3260 1328 3343 ἡγεμονίην
1367 3263 1592 3329 ἑωυτῶν,
1629 3257 1762 3318 ἀλλ’
1795 3258 1944 3337 ὅμως
