2259 3500
336 98 425 144 104
940 92 1309 142 ἭΡοΔοΤοί·
1807 90 1942 168 [π’.-

332 174 691 250 Καλλίμαχε,
724 172 847 230 ἔστι
880 168 917 247 ἦ
952 171 1378 230 καταδουωσαι
1408 168 1666 246 Ἀθήνας,
1703 170 1741 246 ἢ
1784 174 1936 229 ἐλευ-

332 262 494 337 θέρας
520 260 837 335 ποιήσαντα
862 258 1196 335 μνημόσυνα
1216 258 1485 317 λιπέσθαι
1512 263 1567 320 ἐς
1591 259 1691 318 τὸν
1717 257 1938 318 ἅπαντα

331 348 631 425 ἀνθρώπων
662 347 813 423 βίον,
848 347 940 406 οἶα
978 346 1103 405 οὐδὲ
1134 345 1431 423 Ἀρμόδιός
1462 370 1524 404 τε
1563 348 1654 404 καὶ
1679 345 1940 422 Ἀριστο-

332 438 527 517 γείτων
546 436 829 495 λείπουσι·
858 439 956 494 νῦν
972 434 1083 515 γοῖρ
1105 434 1192 509 δή,
1215 434 1278 503 ἐξ
1293 430 1358 492 οὗ
1382 433 1635 514 ἐγένοντο
1649 432 1940 509 Ἀθηναῖοι

336 528 392 586 ἐς
434 524 682 583 κίνδυνον
722 522 925 599 ἥκουσι
967 522 1258 603 μέγιστον·
1319 521 1410 580 καὶ
1445 519 1516 597 ἢν
1556 522 1661 598 μέν
1702 547 1767 602 γε
1804 521 1940 581 ὕπο-

335 610 555 689 κύψωσι
580 615 733 671 τοῖσι
760 609 1029 685 Μήδοισι,
1059 610 1313 669 δέδοκται
1337 608 1410 668 τοὶ
1441 609 1736 669 πείσονται
1763 636 1941 687 παρα

338 699 620 775 δεδομένοι
652 698 865 775 Ἱππίῃ·
907 696 976 773 ἢν
1012 698 1073 757 δὲ
1104 698 1462 777 περιγένηται
1497 696 1636 773 αὕτη
1679 697 1716 773 ἦ
1757 698 1939 771 πόλις,
2035 754 2058 767 ,

336 788 425 863 οἵη
451 788 516 847 τέ
540 793 663 846 ἐστι
686 786 878 863 πρώτη
903 790 1014 845 τῶν
1039 784 1384 861 Ἑλληνίδων
1409 786 1623 845 πολίων
1657 788 1941 865 γενέσθαι.

337 880 443 937 κῶς
469 874 543 935 ὧν
570 872 638 950 δὴ
663 879 843 934 ταῦτα
868 873 961 933 οἶά
983 874 1050 933 τέ
1074 878 1199 933 ἐστι
1235 873 1514 953 γενέσθαι,
1545 873 1636 931 καὶ
1663 878 1769 937 κῶς
1794 880 1850 938 ἐς
1873 876 1948 935 σέ

334 988 391 1022 τι
414 962 625 1023 τούτων
650 960 841 1037 σῖνήκει
866 965 977 1021 τῶν
1001 960 1344 1041 πρηγμάτων
1357 959 1440 1020 .τό
1469 964 1631 1037 κῦρος
1659 961 1818 1041 ἔχειν,
1848 968 1944 1023 νῦν

336 1051 570 1129 ἔρχομαι
594 1050 851 1128 φράσων·
880 1048 1066 1126 ἧμέων
1091 1053 1202 1109 τῶν
1230 1053 1562 1129 στρατηγῶν
1589 1049 1787 1110 ἐόντων
1814 1050 1944 1111 δέκα

268 1212 273 1217 “
338 1137 469 1217 δίχα
507 1138 757 1219 γίνονται
792 1141 851 1197 αἶ
881 1142 1115 1218 γνῶμαι·
1158 1140 1268 1196 τῶν
1301 1138 1404 1212 μὲν
1442 1134 1778 1197 κελευόντων
1804 1164 1946 1215 συμ-

336 1226 587 1301 βαλέειν,
634 1252 747 1285 των
788 1226 846 1285 δε
889 1250 953 1285 ου
994 1224 1423 1307 [συμβαλέειν]·
1477 1224 1547 1300 ἢν
1585 1226 1690 1301 μέν
1729 1252 1826 1285 νυν
1864 1253 1944 1303 μη

340 1313 744 1391 συμβάλωμεν,
776 1313 1024 1389 ἔλπομαί
1060 1336 1186 1373 τινα
1233 1310 1444 1372 στάσιν
1486 1313 1744 1393 μεγάλην
1781 1318 1945 1391 ἐμπε-

339 1404 562 1461 σοῦσαν
594 1401 901 1461 διασείσειν
946 1426 1016 1459 τα
1060 1399 1373 1475 Ἀθηναίων
1409 1400 1759 1478 φρονήματα,
1802 1402 1948 1462 ὥστε

340 1488 595 1564 μηδίσαι·
651 1487 721 1565 ἦν
764 1488 823 1547 δὲ
876 1486 1270 1564 συμβάλωμεν
1312 1489 1444 1565 πρίν
1484 1514 1540 1548 τι
1588 1490 1680 1549 καὶ
1733 1490 1948 1568 σαθρὸν

339 1573 647 1652 Ἀθηναίων
686 1576 1093 1653 μετεξετέροισι
1151 1576 1494 1657 ἐγγενέσθαι,
1538 1578 1678 1637 θεῶν
1727 1604 1802 1637 τα
1845 1578 1949 1638 ἶσα

342 1664 633 1741 νεμόντων,
677 1666 790 1725 οἶοί
824 1689 887 1725 τε
928 1667 1093 1741 εἰμὲν
1117 1658 1511 1745 περιγενέσθαι
1542 1668 1614 1743 τῇ
1651 1667 1948 1746 συμβολῇ.

340 1758 517 1815 ταῦτα
544 1755 618 1816 ὧν
642 1756 825 1816 πάντα
851 1759 907 1817 ἐς
932 1756 1004 1812 σὲ
1030 1758 1127 1814 νῦν
1152 1755 1333 1822 τείνει,
1363 1753 1454 1812 καὶ
1481 1760 1542 1813 ἐκ
1568 1755 1670 1813 σέο
1695 1753 1948 1832 ἄρτηται.

340 1840 411 1918 ἢν
434 1842 545 1924 γοῖρ
584 1843 659 1902 σύ
685 1841 878 1923 γνώμῃ
904 1845 978 1920 τῇ
998 1844 1105 1920 ἐμῇ
1132 1841 1378 1920 προσθῇ,
1407 1841 1528 1901 ἔστι
1553 1868 1641 1902 τοι
1665 1845 1864 1920 πατρίς
1887 1869 1951 1904 τε

345 1931 611 2006 ἐλευθέρη
640 1931 731 1988 καὶ
758 1929 927 1992 πόλις
956 1928 1150 2005 πρώτη
1174 1932 1286 1988 τῶν
1313 1933 1469 2008 ἐντῇ
1500 1929 1755 1990 Ἑλλάδι·
1795 1929 1865 2007 ἣν
1891 1931 1951 1990 δὲ

343 2016 448 2090 τὴν
472 2021 583 2076 τῶν
613 2014 1082 2076 ἀποσπευδόντων
1107 2015 1213 2092 τήν
1239 2017 1547 2094 συμβολήν
1575 2019 1692 2097 ἕλῃ,
1719 2018 1951 2096 ὑπάρξει

254 2104 282 2161 1
295 2104 371 2163 10
392 2128 481 2162 τοι
516 2109 625 2164 τῶν
652 2105 759 2185 ἐγω
788 2103 1058 2173 κατέλεξα
1086 2103 1314 2187 ἅγαθῶν
1337 2131 1409 2165 τα
1438 2109 1672 2166 ἐναντια.
1673 2106 1704 2126 ”
1764 2111 1952 2168 Ταῦτα

348 2192 531 2269 λέγων
573 2217 605 2250 ο
651 2191 967 2269 Μιλτιάδης
1011 2217 1366 2270 προσκταται
1410 2193 1510 2253 τόν
1551 2195 1950 2275 Καλλίμαχον·

350 2279 805 2360 προσγενομένης
864 2279 925 2339 δὲ
984 2284 1088 2340 τοῦ
1139 2280 1506 2360 πολεμάρχου
1559 2286 1660 2360 τῆς
1711 2283 1948 2364 γνώμης,

345 2365 645 2472 ἐκεκύρωτο
676 2367 1063 2444 συμβάλλειν·
1117 2395 1262 2445 μετα
1299 2371 1458 2440 δε,οἶ
1493 2372 1804 2452 στρατηγοὶ
1844 2374 1955 2430 τῶν

346 2453 383 2528 ἦ
408 2453 601 2533 γνώμη
628 2457 791 2532 ἔφερε
829 2455 1214 2531 συμβάλλειν,
1245 2457 1316 2520 ὥς
1353 2458 1591 2518 ἑκάστου
1630 2457 1810 2520 αὐτῶν
1846 2458 1954 2538 ε’γί-

348 2565 473 2600 νετο
505 2543 812 2619 πρυτανηίη
848 2547 951 2620 τῆς
985 2543 1212 2623 ἡμέρης,
1256 2545 1545 2624 Μιλτιάδῃ
1581 2546 1956 2623 παρεδίδοσαν

349 2627 381 2686 ὁ
410 2629 469 2687 δὲ
495 2629 785 2706 δεκόμενος
824 2630 943 2690 οὔτι
971 2658 1047 2690 κω
1084 2632 1398 2710 συμβολήν
1432 2635 1696 2703 ἐποιέετο,
1723 2634 1856 2710 πρίν
1889 2658 1956 2714 γε

350 2716 419 2791 δή
446 2715 619 2776 αὐτοῦ
646 2719 953 2796 πρυτανηΐη
982 2720 1220 2799 ἐγένετο.

260 2806 367 2863 111
455 2804 552 2869 Ὡς
578 2805 639 2864 δὲ
666 2810 720 2868 ἐς
746 2809 953 2866 ἐκεῖνον
978 2809 1268 2884 περιῆλθε,
1291 2808 1528 2869 ἐνθαῦτα
1553 2807 1623 2883 δὴ
1644 2805 1958 2867 ἐτάσσοντο

353 2891 456 2953 ὦδε
506 2893 796 2970 Ἀθηναῖοι
848 2892 919 2958 ὥς
972 2895 1416 2972 συμβαλέοντες·
1476 2899 1577 2956 τοῦ
1622 2897 1726 2973 μὲν
1777 2895 1959 2964 δεξιοῦ

352 2983 539 3060 κέρεος
589 2981 789 3065 ἤγέετο
826 2986 862 3047 ὅ
907 2983 1270 3063 πολέμαρχος
1315 2983 1712 3062 Καλλίμαχος·
1773 2981 1807 3043 ὅ
1848 2981 1958 3063 γιὶρ

354 3069 525 3146 νόμος
562 3071 691 3132 τότε
732 3072 851 3152 εἶχε
883 3069 1025 3130 οὕτω
1066 3075 1220 3130 τοῖσι
1250 3071 1620 3147 Ἀθηναίοισι,
1657 3071 1757 3130 τόν
1791 3071 1958 3130 πολέ-

352 3182 573 3236 μαρχον
606 3161 750 3237 ἔχειν
786 3160 948 3235 κέρας
981 3156 1049 3217 τὸ
1082 3155 1279 3227 δεξιόν·
1331 3159 1642 3240 ἡγεομένου
1675 3158 1736 3216 δὲ
1764 3159 1962 3218 τοῦτου

356 3245 689 3312 ἐξεδέκοντο.
706 3247 775 3312 ὥς
808 3247 1142 3331 ἀριθμέοντο
1179 3250 1238 3306 αἶ
1275 3249 1454 3324 φυλαὶ
1487 3245 1748 3324 ἐχόμεναι
1783 3243 1958 3320 άλλη-

1710 3379 1732 3406 C
