2259 3500
341 126 550 194 17-19]
948 122 1322 173 ΚΑΛΔΙΟΠΗ.
1834 122 1929 169 289

341 205 558 285 θανάτῳ
597 204 814 274 δώσειν,
841 201 1329 278 διαβεβλημένους
1360 199 1471 260 abra
1501 203 1831 269 Θεσσαλῶν,
1860 198 1933 263 ὥς

339 294 450 376 ἐγω
481 293 690 365 εἰκάζω·
731 297 829 355 νῦν
863 289 938 351 ὦν
969 289 1136 368 ἄνδρα
1171 288 1355 349 πάντα
1383 314 1509 348 τινα
1549 287 1728 365 υμέων
1766 287 1936 368 χρεόν

341 388 466 443 ἐστι
491 382 752 463 γενέσθαι
778 379 1006 462 ἀγαθόν·
1042 379 1287 457 κρέσσον
1311 377 1422 460 γοὶρ
1448 376 1736 439 ποιεῦντάς
1759 402 1816 436 τι
1842 377 1935 436 καὶ

339 470 713 548 ἀμυνομένους
737 472 1074 545 τελευτῆσαι
1093 492 1195 527 τον
1220 470 1405 534 αἰῶνα,
1427 462 1569 541 ἥπερ
1590 465 1936 544 παρέχοντας

339 558 714 636 διαφθαρῆναι
733 558 1014 636 αἰσχίστῳ
1038 555 1213 635 μόρω·
1248 552 1401 613 ἀλλὰ
1419 554 1641 631 μαθέτω
1655 579 1741 617 τις
1760 552 1937 613 αὐτῶν

341 645 428 706 ὅτι
459 646 638 707 ἐόντες
667 645 960 723 βάρβαροι
991 642 1075 703 ἐπ’
1097 642 1353 717 Ἕλλησι
1386 641 1621 719 ἀνδράσι
1648 636 1825 717 φόνον
1852 643 1935 719 ἔρ-

339 732 576 812 ραψαν.”
655 732 724 792 Ὅ
757 736 859 809 μὲν
891 731 964 792 ὧν
999 735 1177 791 ταῦτα
1208 730 1488 806 παραίνεε·
1531 732 1585 788 οἱ
1627 730 1686 789 δὲ
1729 730 1933 799 ἱππέες,
1955 732 2029 791 18

343 821 468 879 ἐπεί
495 822 560 879 τέ
593 827 776 896 σφεας
801 819 1206 890 ἐκυκλώσαντο,
1235 818 1547 894 ἐπήλαυνον
1575 816 1644 881 (εἷς
1670 816 1939 876 α’,πολεῦν-

341 934 446 982 τες,
476 909 570 967 καὶ
596 908 664 983 δὴ
693 909 1015 968 διετείνοντο
1046 908 1118 968 ταῖ
1153 908 1335 984 βέλεα
1362 906 1433 969 ὥς
1466 904 1799 981 ἀπήσοντες·
1843 905 1942 964 καί

345 994 444 1054 κού
480 1021 564 1058 τις
605 997 696 1054 καὶ
736 993 937 1071 οἷπῆκε.
1021 996 1112 1054 καὶ
1146 998 1200 1054 οἱ
1231 993 1409 1054 ἀντίοι
1450 994 1711 1066 ἔστασαν,
1756 992 1937 1069 πάντη

343 1084 760 1161 συστρέψαντες
786 1082 1014 1147 ἐωυτούς
1040 1084 1132 1143 καὶ
1156 1081 1541 1144 πυκνώσαντες
1566 1080 1637 1145 ὥς
1659 1080 1934 1159 μάλιστα·

344 1172 580 1232 ἐνθαῦτα
633 1175 688 1231 οῖ
742 1170 974 1232 ἱππόται
1026 1170 1399 1248 ὖπέστρεφον,
1456 1170 1546 1229 καὶ
1612 1168 1937 1245 ἀπήλαυνον

343 1256 544 1319 ὄπίσω.
627 1259 727 1319 οὔκ
761 1262 867 1339 ἔχω
905 1259 950 1319 δ’
984 1258 1250 1337 ἀτρεκέως
1282 1262 1467 1327 εἰπεῖν,
1506 1256 1633 1317 οὔτε
1674 1260 1722 1315 εἰ
1759 1256 1937 1333 ἦλθον

342 1350 446 1425 μὲν
477 1349 814 1412 ἀπολέοντες
849 1348 978 1411 τοῦς
1007 1349 1229 1411 Φωκέας
1264 1348 1565 1423 δεηθέντων
1604 1350 1934 1416 Θεσσαλῶν,

343 1437 463 1495 ἐπεὶ
489 1435 616 1495 δὲ
575 1462 726 1513 ωρων
750 1462 892 1513 προς
917 1434 1189 1511 ἀλέξησιν
1224 1434 1618 1512 τραπομένους,
1658 1434 1937 1497 δείσαντες

342 1522 424 1599 μὴ
455 1524 546 1582 καὶ
577 1524 754 1598 σφίσι
788 1524 1016 1603 γένηται
1040 1522 1305 1600 τρώματα
1341 1521 1481 1581 οὕτω
1517 1521 1585 1597 δὴ
1616 1521 1938 1598 ἀπήλαυνον

345 1609 544 1671 ὀπίσω·
599 1636 670 1674 ως
704 1610 816 1691 γάρ
855 1617 968 1686 σφι
1008 1611 1318 1670 ἐνετείλατο
1357 1610 1691 1687 Μαρδόνιος·
1739 1609 1849 1669 ουτ’
1890 1614 1939 1670 εἰ

344 1696 522 1758 αὐτῶν
545 1698 873 1776 πειρηθῆναι
891 1697 1143 1774 ἠθέλησε
1171 1700 1221 1758 εἴ
1242 1724 1297 1759 τι
1322 1695 1501 1774 αλκῆς
1518 1696 1839 1777 μετέχουσι·
1869 1724 1938 1762 ως

345 1786 406 1846 δὲ
434 1785 617 1846 ὀπίσω
647 1785 956 1862 ἀπήλασαν
985 1791 1040 1846 οἱ
1071 1786 1319 1858 ἱππόται,
1356 1786 1582 1865 πέμψας
1622 1786 1937 1864 Μαρδόνιος

345 1872 554 1950 κήρυκα
592 1875 751 1956 ἔλεγε
789 1874 938 1934 τάδε·
1003 1885 1040 1911 “
1056 1874 1338 1952 θαρσέετε,
1382 1872 1425 1934 ὦ
1466 1875 1694 1938 Φωκέες·
1748 1874 1936 1951 ἄνδρες

342 1961 452 2041 γὰρ
480 1962 720 2039 ἐφάνητε
747 1961 927 2027 ἐόντες
953 1962 1173 2045 ἀγαθοὶ,
1196 1963 1296 2023 οὔκ
1316 1963 1387 2028 ὥς
1408 1962 1513 2044 ἐγῶ
1534 1961 1935 2039 ἐπυνθανόμην·

344 2050 436 2109 καὶ
461 2054 558 2111 νῦν
581 2049 879 2129 προθύμως
907 2051 1106 2129 φέρετε
1129 2051 1231 2114 τὸν
1255 2051 1509 2128 πόλεμον
1534 2055 1749 2110 τοῦτον·
1794 2049 1937 2126 εὔερ-

342 2138 573 2218 γεσίῃσι
597 2140 708 2219 γὰρ
736 2139 803 2199 οὔ
829 2139 1086 2216 νικήσετε
1111 2139 1237 2199 οὔτε
1258 2137 1333 2216 ὧν
1354 2141 1465 2215 ἐμὲ,
1489 2137 1615 2198 οὔτε
1632 2137 1938 2214 βασιλέα·”

340 2224 413 2284 τὰ
437 2227 566 2303 περὶ
589 2228 820 2287 Φωκέων
843 2230 948 2304 μὲν
973 2232 1029 2290 ἐς
1052 2230 1297 2287 τοσοῦτο
1324 2227 1560 2307 ἐγένετο.

421 2313 849 2389 Λακεδαιμόνιοι
895 2314 970 2383 δὲ,
1015 2340 1086 2377 ως
1127 2319 1185 2376 ἐς
1223 2313 1323 2375 τὸν
1364 2313 1601 2391 Ἰσθμόν
1640 2314 1837 2391 ἦλθον,
1880 2319 1939 2376 ἐν
1958 2317 2030 2375 19

341 2397 518 2478 τούτῳ
548 2401 1103 2475 ἐστρατοπεδεύοντο·
1128 2400 1547 2512 πυνθανόμενοι
1583 2402 1644 2460 δὲ
1677 2408 1853 2463 ταῦτα
1886 2406 1940 2463 οῖ

341 2486 536 2545 λοιποὶ
569 2486 1026 2562 Πελοποννήσιοι
1061 2490 1218 2548 τοῖσι
1251 2489 1323 2548 τοὶ
1362 2486 1567 2566 οἷμείνω
1608 2489 1847 2559 ἑάνδανε,
1886 2494 1939 2551 οἰ

343 2573 404 2632 δὲ
442 2573 536 2632 καὶ
575 2572 824 2651 ὁρέοντες
857 2575 1100 2644 ἐξιόντας
1135 2575 1506 2654 Σπαρτιήτας,
1534 2601 1635 2636 ουκ
1671 2577 1937 2637 ἐδικαίευν

341 2662 639 2722 λείπεσθαι
687 2666 789 2738 τῆς
841 2662 1031 2733 ἐξόδου
1082 2665 1549 2740 Λακεδαιμονίων.
1631 2669 1692 2723 ἐκ
1743 2663 1811 2739 δή
1867 2663 1941 2725 ὦν

343 2752 443 2807 τοῦ
507 2748 760 2827 Ἰσθμοῦ,
816 2750 1307 2829 καλλιερησάντων
1357 2756 1465 2812 τῶν
1518 2753 1663 2828 ῖρῶν,
1721 2750 1941 2828 ἐπορεύ-

345 2861 474 2896 οντο
525 2837 727 2902 πάντες
784 2840 877 2899 καὶ
922 2838 1275 2899 ἀπικνέονται
1328 2843 1384 2902 ἐς
1431 2837 1752 2899 Ἐλευσῖνα·
1819 2864 1939 2899 ποι-

345 2921 584 2997 ήσαντες
617 2927 678 2985 δὲ
711 2925 803 2985 καὶ
840 2926 1076 2986 ἐνθαῦτα
1113 2925 1222 3002 ipat,
1252 2924 1323 2988 ὥς
1354 2931 1467 3001 σφι
1503 2927 1835 3004 ἐκαλλιέρεε,
1870 2925 1937 2986 τὸ

343 3010 541 3090 πρόσω
581 3013 928 3091 ἐπορεύοντο,
968 3012 1260 3090 Ἀθηναῖοι
1304 3013 1363 3071 δὲ
1402 3011 1523 3088 ἅμα
1563 3011 1784 3073 αὐτοῖσι
1826 3013 1940 3072 δια-

342 3099 548 3176 βάντες
585 3104 690 3179 μὲν
730 3107 790 3160 ἐκ
831 3103 1154 3178 Σαλαμῖνος
1186 3101 1557 3179 συμμιγέντες
1582 3100 1643 3159 δὲ
1669 3105 1727 3161 ἐν
1750 3100 1941 3162 Ἐλευ-

343 3191 482 3249 σῖνι.
537 3189 610 3253 αἷς
635 3190 694 3250 δὲ
719 3187 830 3266 ἆρα
849 3187 1116 3247 ἀπίκοντο
1153 3191 1253 3262 τῆς
1286 3187 1551 3261 Βοιωτίης
1577 3192 1632 3250 ἐς
1655 3187 1940 3266 Ἐρυθρὰς,

345 3277 554 3356 ἔμαθόν
578 3305 640 3340 τε
665 3277 734 3354 δή
759 3274 889 3338 τούς
917 3272 1252 3352 βαρβάρους
1288 3272 1381 3331 ἐπὶ
1403 3277 1481 3344 τῷ
1503 3273 1745 3358 Ἀσωπῷ
1770 3300 1941 3356 στρα-
