2259 3500
326 131 392 179 42
945 128 1311 178 HPOAomo‘r
1840 129 1932 194 [v.

325 210 428 282 τῆς
453 231 718 288 γυναικος
741 205 856 265 οὔδ’
885 206 949 276 ἐξ
971 205 1156 282 ἄλλης
1175 207 1423 269 παῖδες’
1396 207 1657 288 εγίνοντο.
1716 207 1935 287 ἐστάλη

323 293 400 354 ὧν
435 299 492 357 ἐς
521 292 787 369 Δελφους
817 294 948 371 περὶ
987 293 1177 373 γόνου·
1220 294 1447 354 ἐσιόντα
1482 294 1541 352 δὲ
1568 292 1738 357 αύτόν
1777 295 1933 361 ἰθέως

309 380 362 458 ἦ
391 381 578 458 Πυθίη
604 380 1012 466 προσαγορεύει
1037 382 1251 443 τοισίδε
1275 386 1430 443 τοῖσι
1458 383 1639 442 ἔπεσι·

418 495 636 556 Ἠετίων,
665 497 792 546 οὔτις
813 514 872 546 σε
893 497 985 545 τίει
1006 497 1267 546 πολύτιτον
1289 497 1445 557 ἐόντα,

418 569 594 630 Λάβδα
613 569 726 628 κύει,
752 569 878 628 τέξει
899 566 944 618 δ’
964 569 1286 632 ὀλοοίτροχον·
1310 570 1361 618 ἐν
1384 569 1435 618 δὲ
1456 569 1681 618 πεσεῖται

417 640 618 702 ἀνδράσι
636 640 964 703 μουνάρχοισι,
992 641 1235 690 δικαιώσει
1256 641 1311 690 δὲ
1332 640 1582 702 Κόρινθον.

319 745 495 802 ταῦτα
522 742 845 822 χρησθέντα
869 743 948 822 τῷ
971 726 1229 804 Ἠετίωνι
1254 741 1663 850 ἐξαγγέλλεταί
1683 765 1789 804 κως
1807 744 1924 801 ,τοῖ-

318 853 385 889 σι
431 830 801 908 Βακχιάδῃσι,
844 834 998 890 τοῖσι
1042 830 1111 891 τό
1135 832 1281 942 Ημὲν
1304 829 1577 907 πρότερον
1622 827 1919 908 γενόμενον

316 916 663 996 χρηστήριον
706 923 764 981 ἐς
809 918 1163 995 Κόρινθον’
1124 944 1197 993 ην
1244 916 1485 1028 {omnem
1532 917 1709 993 φέρον
1752 941 1817 976 τε
1867 921 1923 980 ἐς

322 998 495 1064 τῶυτό
521 1006 614 1064 καὶ
637 1006 704 1066 τὸ
731 1009 832 1066 τοῦ
856 1004 1155 1068 Ἠετίωνος
1182 1006 1275 1064 καὶ
1300 1005 1471 1085 λέγον
1498 1001 1621 1064 ὦδε·

415 1122 584 1170 Δίετὸς
607 1123 656 1170 ἐν
679 1123 885 1184 πέτρῃσι
902 1124 1017 1170 κύει·
1043 1123 1171 1182 τέξει
1194 1123 1247 1170 δὲ
1268 1121 1444 1170 λέοντα

414 1195 654 1254 καρτερὸν,
677 1194 930 1252 ὠμηστήν·
957 1195 1155 1242 πολλῶν
1177 1193 1221 1241 δ’
1240 1194 1332 1241 ὑπὸ
1353 1195 1569 1254 γούνατα
1590 1193 1745 1241 λύσει·

413 1265 572 1314 ταῦτά
593 1281 672 1314 νυν
697 1267 748 1311 εὖ
771 1265 1029 1326 φράζεσθε,
1062 1264 1320 1326 Κορίνθιοι,
1351 1265 1396 1312 οἳ
1418 1265 1527 1325 περὶ
1550 1264 1704 1323 καλ-ὴν

411 1335 646 1397 Πειρήνην
668 1337 843 1383 οἰκεῖτε
866 1337 947 1384 καὶ
970 1336 1234 1398 ὀφρυόεντα
1257 1336 1502 1398 Κόρινθον.

311 1434 479 1490 τοῦτο
509 1432 612 1506 μὲν
639 1430 706 1506 δὴ
733 1434 889 1490 τοῖσι
915 1430 1273 1511 Βακχιάδῃσι
1312 1431 1583 1510 πρότερον
1618 1429 1918 1512 γενόμενον

314 1516 387 1593 ἦν
427 1517 789 1595 ἀτέκμαρτον·
831 1518 960 1578 τότε
1003 1519 1080 1590 δὲ,
1117 1519 1185 1580 τό
1219 1518 1477 1580 Ἠετίωνι
1505 1518 1804 1601 γενόμενον
1846 1518 1918 1584 ὥς

311 1605 598 1677 ἐπύθοντο,
628 1604 822 1667 αὐτίκα
852 1607 945 1667 καὶ
970 1607 1036 1667 τὸ
1063 1607 1336 1685 πρότερον
1364 1612 1613 1684 συνῆκαν
1656 1607 1747 1668 ἐόν
1784 1633 1915 1668 συν-

309 1694 450 1775 ῳδὸν
484 1699 562 1776 τῷ
599 1694 909 1760 Ἠετίωνος·
953 1696 1211 1760 συνέντες
1242 1696 1300 1757 δὲ
1328 1696 1420 1755 καὶ
1444 1699 1628 1767 τοῦτο,
1660 1695 1812 1776 εἶχον
1853 1699 1913 1755 ἐν

307 1782 538 1864 ἡσυχίῃ,
567 1785 852 1849 ἐθέλοντες
892 1783 992 1845 τᾶν
1031 1785 1325 1860 μέλλοντα
1362 1783 1616 1843 Ἠετίωνι
1649 1784 1915 1863 γενέσθαι

305 1871 475 1951 γόνον
519 1873 851 1948 διαφθεῖραι.
939 1871 1011 1935 ὥς
1065 1871 1110 1930 δ’
1156 1873 1305 1931 ἔτεκε
1359 1869 1396 1948 ἦ
1450 1871 1591 1951 γυνὴ
1645 1869 1909 1949 τάχιστα,

311 1960 600 2036 πέμπουσι
643 1960 837 2033 σφέων
879 1958 1060 2019 αὐτῶν
1103 1959 1235 2017 δέκα
1280 1963 1336 2022 ἐς
1376 1956 1475 2018 τᾶν
1519 1957 1694 2034 δῆμον
1737 1961 1795 2018 ἐν
1834 1965 1914 2036 τῷ

308 2046 604 2120 κατοίκητο
632 2043 886 2116 Ἠετίων,
923 2045 1355 2110 ἀποκτενέοντας
1394 2045 1461 2105 τὸ
1504 2045 1743 2105 παιδίον·
1785 2043 1911 2105 α’πι-

308 2130 532 2208 κόμενοι
558 2132 617 2191 δὲ
645 2129 800 2191 οὗτοι
833 2137 888 2197 ἐς
917 2132 1021 2207 τὴν
1048 2133 1293 2211 Πέτρην,
1324 2132 1417 2192 καὶ
1442 2131 1815 2209 παρελθόντες
1855 2137 1912 2197 ἐς

305 2218 410 2295 τὴν
451 2218 632 2295 αὖλήν
671 2222 772 2279 τοῦ
813 2219 1125 2293 Ἠετίωνος,
1170 2222 1354 2282 αἴτεον
1395 2219 1463 2281 τὰ
1497 2220 1738 2281 παιδίον·
1780 2220 1818 2297 ἦ
1850 2221 1912 2281 δὲ

307 2306 532 2384 Λάβδα,
561 2306 734 2367 εἰδυῖά
758 2334 821 2368 τε
849 2308 1004 2369 οὐδὲν
1028 2314 1141 2371 τῶν
1170 2310 1351 2371 εἵνεκα
1378 2312 1574 2371 ἐκεῖνοι
1614 2307 1910 2369 ἀπικοίατο

307 2396 400 2454 καὶ
425 2394 700 2456 δοκέουσοί
725 2403 910 2473 σφεας
937 2398 1374 2475 φιλοφροσύνης
1413 2401 1515 2458 τοῦ
1556 2395 1768 2474 πατρός
1804 2395 1907 2457 εἴν-

306 2506 404 2540 εκα
430 2483 647 2556 αἰτέειν,
677 2484 934 2561 φέρουσα
971 2485 1273 2563 ἐνεχείρισε
1315 2484 1495 2545 αὐτῶν
1532 2484 1628 2544 ἐνί·
1670 2488 1824 2544 τοῖσι
1849 2483 1909 2542 δὲ

303 2567 415 2646 ἄρα
451 2571 833 2646 ἐβεβούλευτο
871 2571 989 2631 κατ’
1016 2572 1163 2644 ὁδόν,
1192 2571 1294 2633 τὸν
1334 2576 1557 2647 πρῶτον
1590 2569 1768 2630 αὐτῶν
1806 2574 1909 2629 λα-

303 2655 488 2733 βόντα
527 2656 596 2722 τὰ
637 2659 860 2720 παιδίον
901 2659 1300 2736 προσουδίσαι·
1356 2659 1481 2716 ἐπεί
1518 2683 1583 2717 τε
1630 2656 1704 2718 ὧν
1744 2658 1909 2717 ἔδωκε

305 2744 562 2822 φέρουσα
601 2744 641 2822 ἦ
677 2746 903 2824 Λάβδα,
945 2745 1047 2807 τᾶν
1087 2745 1349 2822 λαβόντα
1388 2749 1498 2806 τῶν
1538 2744 1751 2824 ἀνδρῶν
1788 2746 1909 2825 θείῃ

303 2832 448 2912 τύχῃ
485 2834 884 2913 προσεγέλασε
922 2833 988 2894 τό
1025 2833 1265 2893 παιδίον·
1308 2834 1402 2892 καὶ
1433 2831 1549 2903 τόν,
1580 2834 1911 2911 φρασθέντα

305 2924 488 2992 τοῦτο,
517 2920 700 2985 οἶκτός
738 2947 823 2985 τις
862 2923 1017 3000 ἴσχει
1048 2920 1389 2981 ἀποκτεῖναι·
1434 2922 1809 2998 κατοικτείρας
1850 2920 1911 2979 δὲ

305 3008 601 3085 παραδὣοῖ
637 3012 714 3087 τῷ
753 3009 1001 3089 δευτέρῳ·
1045 3008 1078 3069 ὅ
1123 3009 1199 3078 δὲ,
1227 3014 1303 3089 τῷ
1327 3010 1510 3088 τρίτῳ·
1555 3009 1700 3069 οὕτω
1730 3009 1797 3084 δή
1832 3008 1908 3067 δι-

306 3095 507 3171 εξῆλθε
536 3097 624 3157 δισῖ
650 3096 871 3157 πάντων
896 3102 1006 3157 τῶν
1033 3097 1166 3155 δέκα
1192 3098 1649 3175 παραδιδόμενον,
1689 3093 1911 3157 ούδενὸς

305 3184 660 3262 βουλομένου
685 3185 1114 3267 διεργάσασθαι·
1156 3184 1460 3250 ἀποδόντες
1500 3185 1572 3245 ὧν
1612 3183 1797 3245 ὀπίσω
1836 3185 1908 3257 τῇ

303 3271 545 3350 τεκούσῃ
586 3272 654 3333 ra
700 3273 923 3334 παιδίον
970 3273 1062 3334 καὶ
1109 3273 1431 3343 ἐξελθόντες
1476 3273 1595 3343 ἔξω,
1646 3270 1909 3329 ἑστεῶτες
