2259 3500
331 105 395 156 22
418 109 428 119 ·
948 99 1315 149 ἩΡοΔοτοτ
1809 137 1817 140 -
1838 101 1929 165 [V.

325 182 387 243 δὲ
409 183 616 259 ταύτην
639 183 745 260 τὴν
769 181 957 250 πόλιν,
987 181 1319 258 θαρσέοντες
1335 179 1445 258 ἤδη
1467 184 1545 260 τῷ
1561 179 1657 239 Διῒ
1683 179 1933 242 πλούτου

326 271 455 346 πέρι
483 271 703 347 ἐρίζετε.
787 267 941 328 ἀλλσῖ
977 270 1106 345 περὶ
1132 271 1237 345 μὲν
1262 268 1449 348 χώρης
1476 267 1585 345 ἄρα
1612 267 1677 328 οὗ
1708 273 1934 346 πολλῆς

328 357 454 416 οὐδὲ
487 358 626 418 οὕτω
658 361 930 436 χρηστῆς,
965 358 1057 416 καὶ
1089 356 1267 434 οὔρων
1302 362 1568 435 σμικρῶν,
1602 356 1773 434 χρεόν
1810 363 1933 417 ἐστι

325 444 497 521 ὖμέας
537 445 725 524 μάχας
767 444 1206 521 ἀναβάλλεσθαι
1260 443 1401 521 πρός
1453 470 1515 503 τε
1570 447 1933 520 Μεσσηνίους

326 532 516 597 ἐόντας
564 535 888 603 ἰσοπαλέας,
931 534 1024 592 καὶ
1061 531 1337 610 Ἀρκάδας
1382 558 1445 592 τε
1492 532 1583 590 καὶ
1627 532 1930 614 Ἀργείους·

322 626 477 681 τοῖσι
505 622 632 682 οὔτε
658 626 874 699 χρυσοῦ
903 621 1171 700 ἐχόμενόν
1200 626 1323 680 ἐστι
1344 619 1503 680 οὐδὲν
1525 619 1651 696 οὔτε
1670 620 1929 700 ἀργύρου,

321 713 434 769 τῶν
463 710 591 787 πέρι
619 711 716 770 καί
740 735 864 770 τινα
899 709 1082 790 ἐνάγει
1119 708 1405 786 προθυμίη
1442 707 1763 786 μαχόμενον
1796 707 1931 768 α’πο-

326 796 608 873 θνήσκειν·
690 798 939 876 παρέχον
993 797 1054 856 δὲ
1091 800 1195 872 τῆς
1262 795 1461 872 Ἀσίης
1512 795 1702 871 πάσης
1741 794 1932 874 ἄρχειν

325 883 605 955 εὐπετέως,
651 884 800 944 ἄλλο
850 911 906 946 τι
955 883 1321 962 αἱρήσεσθε;”
1369 881 1779 964 Ἀρισταγόρης
1827 887 1931 960 μὲν

323 978 503 1034 ταῦτα
545 975 719 1044 ἔλεξε.
804 974 1132 1050 Κλεομένης
1174 975 1233 1032 δὲ
1270 972 1541 1049 ἀμείβετο
1572 972 1783 1032 τοῖσδε·
1836 983 1870 1008 “
1889 972 1930 1032 ὦ

325 1061 466 1130 ξεῖνε
508 1062 784 1137 Μιλήσιε,
819 1061 1230 1137 ἀναβάλλομαί
1264 1087 1353 1120 τοι
1394 1066 1449 1124 ἐς
1488 1061 1680 1138 τρίτην
1719 1059 1931 1137 ἡμέρην

227 1151 306 1207 50
323 1149 801 1228 ἇποκρινέεσθαι.”
857 1151 997 1210 Τότε
1017 1151 1120 1227 μὲν
1142 1154 1196 1213 ἐς
1216 1153 1492 1210 τοσοῦτον
1512 1149 1756 1226 ἤλασαν.
1812 1151 1936 1210 ἐπεί

323 1265 384 1298 τε
412 1239 472 1298 δὲ
497 1238 535 1314 ἤ
563 1239 721 1316 κυρίη
747 1238 926 1316 ἡμέρη
949 1239 1159 1320 ἐγίνετο
1179 1237 1279 1314 τῆς
1298 1237 1628 1315 ἅποκρίσιος
1646 1238 1737 1296 καὶ
1752 1237 1932 1312 ἦλθον

325 1331 379 1389 ἐς
404 1325 471 1386 τὸ
501 1327 880 1408 συγκείμενον,
911 1326 1087 1402 εἴρετο
1121 1325 1153 1385 ὁ
1192 1325 1520 1434 Κλεομένης
1544 1324 1645 1385 τὸν
1668 1324 1930 1400 Ἀριστα-

321 1413 496 1494 γόρην
537 1413 784 1474 οκοσέων
822 1414 1070 1491 ἡμερέων
1110 1411 1223 1473 ‹in-6
1259 1413 1561 1489 θαλάσσης
1596 1416 1697 1489 τῆς
1734 1411 1931 1473 Ἰώνων

321 1501 449 1565 ὁὸὂς
491 1504 574 1578 εἵη
609 1501 762 1580 παρὰ
791 1503 1071 1578 βασιλέα;
1123 1501 1155 1562 ὁ
1190 1502 1250 1560 δὲ
1280 1500 1708 1582 Ἀρισταγόρης,
1741 1498 1931 1561 τᾶλλα

321 1589 425 1650 ἐων
478 1590 664 1666 σοφὸς
722 1591 814 1650 καὶ
869 1590 1201 1667 διαβάλλων
1254 1593 1461 1650 ἐκεῖνον
1515 1587 1591 1660 εὖ,
1648 1593 1704 1649 ἐν
1754 1588 1929 1668 τούτω

323 1678 573 1757 ἐσφάλη·
613 1705 782 1759 χρεον
817 1679 927 1763 γάρ
965 1706 1063 1757 μιν
1092 1706 1173 1757 μη
1209 1679 1397 1760 λέγειν
1430 1678 1497 1738 τὰ
1532 1677 1624 1738 ἐὸν
1648 1680 1928 1756 βουλόμε-

308 1768 414 1829 νόν
451 1795 520 1850 γε
553 1768 908 1846 Σπαρτιήτας
940 1770 1235 1849 ἐξαγαγεῖν
1276 1773 1331 1830 ἐς
1368 1766 1476 1841 τήν
1514 1766 1733 1843 Ἀσίην,
1774 1768 1929 1847 λέγει

319 1856 366 1915 δ’
395 1856 468 1917 ὦν
493 1862 658 1933 τριῶν
683 1860 872 1933 μηνῶν
906 1856 1020 1932 φοὶς
1053 1856 1193 1913 εἶναι
1216 1852 1323 1929 τήν
1350 1853 1565 1915 ἄνοδον·
1610 1854 1643 1915 ὅ
1671 1856 1731 1914 δὲ
1756 1855 1926 1932 ῦπαρ-

317 1944 508 2005 πάσας
561 1943 663 2003 τὸν
710 1944 1006 2001 ἐπίλοιπον
1052 1939 1229 2022 λόγον
1280 1942 1379 2001 τόν
1432 1941 1465 2001 ὁ
1519 1940 1929 2023 Ἀρισταγόρης

319 2029 544 2106 ὥρμητο
584 2029 772 2110 λέγειν
810 2028 940 2105 περὶ
979 2032 1080 2105 τῆς
1121 2028 1273 2099 ὁδοῦ,
1311 2029 1450 2089 εἶπε·
1507 2040 1541 2066 “
1560 2029 1603 2089 ὦ
1636 2030 1777 2099 ξεῖνε
1819 2037 1928 2090 Μι-

316 2116 501 2191 λήσιε,
545 2115 928 2176 ἀπαλλάσσεο
971 2122 1031 2177 ἐκ
1073 2116 1339 2195 Σπάρτης
1370 2119 1480 2196 πρό
1515 2117 1707 2179 δύντος
1740 2116 1926 2192 ἧλίουῑ

319 2203 513 2263 οὐδένα
563 2203 675 2285 γοὶρ
723 2204 899 2285 λόγον
947 2205 1145 2265 εὐεπέα
1191 2207 1375 2289 λέγεις
1416 2205 1927 2281 Λακεδαιμονίοισι,

318 2292 524 2351 ἐθέλων
580 2293 766 2367 σφέας
811 2292 924 2354 οἷπὸ
981 2294 1283 2371 θαλάσσης
1334 2292 1503 2372 τριῶν
1557 2295 1747 2369 μηνῶν
1798 2292 1929 2353 ὁδὸν

222 2381 295 2437 51
317 2377 602 2460 αἷγαγεῖν.”
641 2379 709 2440 ‘O
737 2383 841 2458 μὲν
867 2381 936 2459 δὴ
968 2383 1296 2459 Κλεομένης
1333 2386 1512 2443 ταῦτα
1544 2381 1717 2451 εἴπας,
1750 2378 1841 2456 ἤϊε
1872 2385 1929 2445 ἐς

316 2467 389 2526 ταῖ
415 2468 580 2526 οἰκία.
663 2468 696 2528 ὅ
725 2469 784 2528 δὲ
809 2468 1219 2551 Ἀρισταγόρης
1245 2470 1445 2546 λαβῶν
1468 2470 1743 2546 ἱκετηρίην
1762 2467 1852 2543 ἤϊε
1874 2473 1929 2531 ἐς

317 2559 419 2614 τοῦ
448 2557 813 2634 Κλεομένεος,
846 2557 1096 2618 ἐσελθών
1122 2558 1182 2616 δὲ
1211 2559 1343 2629 εἴσω
1370 2557 1467 2616 ἅτε
1501 2556 1765 2630 ἱκετεύων,
1796 2561 1928 2615 ἐπα-

324 2646 525 2701 κοῦσαι
577 2646 796 2717 ἐκέλευε
846 2644 946 2705 τὸν
1011 2646 1339 2721 Κλεομένεα
1391 2642 1807 2720 ἀποπέμψαντα
1859 2646 1927 2704 τὰ

318 2730 558 2790 παιδίον·
606 2732 996 2809 προσεστήκεε
1034 2758 1147 2812 γαρ
1190 2731 1258 2808 δή
1297 2735 1376 2810 τῶ
1417 2731 1728 2807 Κλεομένεϊ
1759 2756 1796 2806 η
1836 2732 1926 2792 θυ-

315 2816 514 2898 γάτηρ,
540 2822 614 2897 τῇ
649 2818 862 2895 οὔνομα
887 2818 956 2894 ἦν
983 2815 1199 2901 Γοργω·
1229 2823 1434 2933 Ητοῧτο
1436 2820 1500 2879 δέ
1524 2846 1579 2878 οι
1604 2820 1698 2877 καὶ
1722 2824 1929 2896 μοῦνον

313 2906 508 2966 τέκνον
548 2905 821 2987 ἐτύγχανε
868 2906 961 2966 ἐὰν
1010 2908 1175 2969 ἐτέων
1214 2906 1360 2969 ὄκτῶ
1399 2906 1438 2985 ἢ
1482 2909 1638 2967 ἐννέα
1678 2906 1926 2982 ηλικίην·

317 2995 644 3073 Κλεομένης
680 2995 740 3055 δὲ
772 2996 960 3077 λέγειν
985 3021 1083 3072 μιν
1121 2997 1338 3057 ἐκέλευε
1363 2997 1436 3058 τοὶ
1463 2994 1754 3073 βούλεται,
1785 2995 1929 3071 μηδὲ

318 3087 576 3164 ἐπισχεῖν
594 3089 698 3145 τοῦ
723 3084 949 3144 παιδίου
974 3085 1174 3145 εἵνεκα.
1246 3086 1483 3147 ἐνθαῦτα
1508 3084 1577 3161 δή
1606 3084 1639 3145 ὁ
1664 3082 1928 3161 Ἀριστα-

315 3170 489 3249 γόρης
517 3173 726 3254 ἄρχετο
763 3178 824 3233 ἐκ
863 3173 995 3231 δέκα
1027 3174 1319 3236 ταλάντων
1354 3173 1815 3255 ὑπισχνεόμενος,
1856 3169 1928 3245 ἦν

317 3260 374 3317 οἱ
405 3264 703 3341 ἐπιτελέσῃ
738 3266 851 3323 τῶν
887 3261 1088 3321 ἐδέετο.
1128 3261 1489 3326 ἀνανεύοντος
1516 3263 1577 3322 δὲ
1604 3264 1706 3322 τοῦ
1744 3262 1927 3316 Κλεο-
