2259 3500
269 103 364 151 230
875 100 1245 149 ‘HPOAOTOT
1673 100 1861 163 [VIII.

267 180 398 242 ἀλλ’
425 182 490 241 οὗ
529 180 808 259 χρήματα,
851 178 976 239 οὔτε
1015 178 1290 257 ἠνέσχετο
1330 183 1509 265 σιγᾷξν
1549 179 1673 239 εἶπέ
1708 177 1792 240 τε
1812 187 1867 245 ἐς

267 270 480 333 πάντας
513 268 664 328 τάδε·
707 278 743 304 “
759 267 957 338 παπαὶ,
995 267 1294 344 Μαρδόνιε,
1334 268 1512 331 κοίους
1547 267 1632 327 ἐπ
1668 267 1869 346 ἄνδρας

268 356 474 466 ἤγαγες
513 346 941 434 μαχησομένους
972 354 1165 431 ημέας,
1199 382 1254 414 οι
1297 353 1362 414 οὗ
1404 356 1533 432 περὶ
1566 356 1869 434 χρημάτων

268 444 367 505 τόν
413 443 599 525 οἷγῶνα
645 447 944 513 ποιεῦνται,
993 441 1150 501 ἄλλα
1194 442 1323 518 περὶ
1366 441 1598 520 σ’,ρετηςῖ
1696 444 1872 525 τούτῳ

269 534 371 609 μὲν
397 531 465 607 δὴ
492 535 667 590 ταῦτα
697 524 899 607 εἴρητο.

176 623 252 681 27
349 619 448 679 Ἑν
474 619 532 678 δὲ
557 623 634 698 τῷ
661 618 750 678 δια
779 619 962 695 μέσου
996 616 1197 697 χρόνω,
1234 618 1360 677 ἐπεί
1379 643 1441 677 τε
1471 644 1538 679 το
1575 623 1634 679 ἐν
1660 627 1873 699 Θερμο-

271 707 488 814 πύλῃσι
512 711 706 785 τρῶμα
737 706 1001 788 ἐγεγόνεε,
1030 704 1230 766 αὐτίκα
1255 708 1552 766 Θεσσαλοὶ
1584 700 1873 785 πέμπουσι

271 794 479 871 κήρυκα
506 800 561 858 ἐς
586 795 822 864 Φωκέας,
851 792 950 855 ἅτε
975 799 1143 871 σφι’
1115 794 1396 874 ενέχοντες
1422 794 1527 853 αἰεὶ
1553 794 1794 873 χόλον’
1758 796 1871 857 από

271 887 337 947 δὲ.
352 888 452 943 τοῦ
478 882 722 943 ὑστάτου
748 883 1034 959 τρώματος
1059 882 1153 941 καὶ
1186 882 1253 941 τὰ
1291 882 1485 958 κάρτα·
1528 882 1874 959 ἐσβαλόντες

272 969 380 1051 γὰρ
417 974 770 1048 πανστρατιῇ
809 969 971 1029 αὐτοί
1004 995 1067 1028 τε
1099 973 1154 1029 οἱ
1186 971 1481 1029 Θεσσαλοὶ
1518 970 1610 1028 καὶ
1642 975 1695 1029 οἱ
1731 970 1872 1047 σύμ-

269 1083 446 1136 μαχοι
495 1056 675 1117 αὐτῶν
729 1062 784 1119 ἐς
833 1057 962 1119 τοῦς
1005 1059 1241 1128 Φωκέας,
1287 1056 1351 1117 οὗ
1404 1062 1680 1117 πολλοῖσι
1722 1060 1873 1118 ἔτεσι

271 1145 543 1222 πρότερον
587 1143 790 1219 ταύτης
834 1148 934 1219 τῆς
979 1144 1259 1220 βασιλέος
1297 1146 1738 1222 στρατηλασίης,
1780 1150 1872 1205 ἑσ-

272 1230 542 1307 σώθησαν
557 1230 666 1291 ύπό
692 1236 802 1291 τῶν
821 1232 1050 1291 Φὶυκέων
1076 1232 1169 1290 καὶ
1194 1233 1587 1309 περιέφθησαν
1608 1235 1871 1312 τρηχέως·

273 1319 397 1377 ἐπεί
436 1345 498 1378 τε
543 1318 654 1399 γὰρ
704 1318 1118 1395 κατειλήθησαν
1166 1324 1221 1382 ἐς
1266 1319 1365 1379 τόν
1417 1321 1767 1397 Παρνησσόν
1820 1326 1873 1381 οῖ

273 1408 485 1471 Φωκέες
512 1408 731 1485 ἔχοντες
755 1406 954 1484 μάντιν
973 1410 1219 1484 Τελλίην
1242 1408 1343 1469 τᾶν
1366 1407 1610 1482 Ἠλεῖον,
1637 1411 1874 1470 ἐνθαῦτα

274 1521 306 1554 ο
291 1493 568 1571 ’Τελλίης
595 1492 755 1559 οὗτος
781 1495 1077 1570 σοφίζεται
1103 1494 1324 1556 αυτοῖσι
1348 1496 1578 1556 τοιόνδε·
1606 1498 1874 1577 γυψώσας

273 1580 472 1660 ανδρας
542 1582 864 1653 ἑξακοσίους
928 1587 1040 1644 τῶν
1105 1584 1334 1677 Φωκέων
1399 1584 1527 1647 τοῦς
1593 1583 1871 1661 οἷρίστους,

273 1670 473 1735 αυτούς
496 1696 559 1732 τε
583 1671 811 1736 τούτους
838 1672 930 1762 καὶ
955 1698 1028 1732 τα
1055 1658 1213 1731 ὅπλα
1236 1670 1431 1741 αυτῶν,
1460 1671 1651 1735 νυκτὸς
1678 1673 1873 1749 ἐπεθή-

274 1785 408 1820 κατο
451 1764 604 1821 τοῖσι
652 1741 1028 1820 Θεσσαλοῖσι·
1089 1786 1359 1837 προειπας
1403 1760 1639 1830 αὐτοῖσι,
1676 1762 1774 1821 τὸν
1805 1761 1875 1822 ἂν

271 1847 352 1925 μὴ
379 1849 804 1918 λευκανθίζοντα
825 1848 1060 1912 ,ἴδωνται
1095 1851 1295 1907 τοῦτον
1322 1848 1566 1908 κτείνειν.
1647 1849 1874 1913 τούτους

273 1935 347 1995 ὧν
387 1936 452 1995 αἶ
487 1961 549 1996 τε
592 1936 843 2012 φυλακαὶ
884 1939 994 1994 τῶν
1034 1939 1352 1995 Θεσσαλων
1399 1940 1613 2012 πρῶται
1656 1937 1874 1996 ἰδοῦσαι

273 2023 650 2098 ἐφοβήθησαν
682 2021 935 2092 δόξασαι
950 2021 1099 2080 ἄλλο
1134 2048 1190 2081 τι
1228 2022 1367 2082 εἶναι
1400 2023 1577 2099 τέρας,
1608 2025 1700 2082 καὶ
1729 2050 1873 2100 μετα

272 2135 371 2172 τας
404 2109 660 2185 φυλακας
696 2109 834 2184 αὕτη
869 2107 907 2184 ἦ
945 2135 1199 2186 στρατιη,
1228 2108 1369 2168 οὕτω
1406 2110 1551 2170 ὥστε
1583 2137 1872 2188 τετρακισ-

271 2196 468 2274 χιλίων
511 2200 786 2272 κρατῆσαι
821 2200 1025 2273 νεκρῶν
1056 2198 1149 2255 καὶ
1184 2196 1434 2257 οἷσπίδων
1474 2200 1711 2262 Φωκέας·
1762 2204 1874 2260 τῶν

271 2282 371 2348 τοῖς
395 2287 499 2360 μὲν
524 2283 763 2360 ἡμισέας
799 2289 855 2348 ἐς
875 2284 1065 2361 Ἀβας
1101 2285 1391 2356 ἀνέθεσαν,
1416 2284 1518 2350 τοὶς
1550 2287 1609 2345 δὲ
1646 2291 1700 2351 ἐς
1727 2293 1873 2348 Δελ·

273 2371 435 2448 φούς·
475 2371 513 2449 ἦ
541 2372 600 2431 δὲ
635 2372 834 2450 δεκάτη
863 2374 1080 2454 ἐγένετο
1105 2377 1215 2434 τῶν
1239 2374 1539 2453 χρημάτων
1575 2379 1635 2433 ἐκ
1670 2374 1873 2451 ταύτης

271 2463 372 2535 τῆς
393 2459 580 2539 μάχης
605 2463 658 2519 οἱ
681 2461 924 2541 μεγάλοι
950 2460 1265 2539 ἀνδριάντες
1290 2465 1344 2520 οἱ
1368 2462 1497 2539 περὶ
1519 2462 1620 2522 τὸν
1637 2463 1873 2539 τρίποδα

271 2552 656 2620 συνεστεῶτες,
699 2549 984 2626 ἔμπροσθε
1024 2554 1126 2609 τοῦ
1163 2552 1298 2626 νηοῦ
1333 2553 1433 2608 τοῦ
1468 2555 1527 2609 ἐν
1563 2554 1871 2626 Δελφοῖσι·

178 2637 254 2695 28
273 2635 365 2694 καὶ
419 2637 594 2714 ἕτεροι
642 2641 888 2698 τοιοῦτοι
929 2641 986 2698 ἐν
1016 2637 1243 2717 ’Άβῃσι
1289 2637 1602 2699 οἶνακέαται.
1684 2643 1873 2699 Ταῦτα

269 2724 374 2801 μέν
422 2750 517 2784 νυν
561 2724 660 2785 τὸν
705 2725 874 2796 πεζὸν
928 2725 1240 2806 ἐργάσαντο
1287 2730 1397 2786 τῶν
1451 2730 1766 2786 Θεσσαλῶν
1818 2730 1873 2787 οἱ

272 2813 499 2882 Φωκέες,
542 2813 972 2890 πολιορκέοντας
1015 2812 1261 2877 ἑωυτούς·
1304 2815 1675 2889 ἐσβαλοῦσαν
1716 2814 1775 2872 δὲ
1818 2819 1872 2878 ἐς

269 2898 374 2973 τὴν
398 2899 584 2978 χώρην
607 2900 710 2975 τήν
745 2901 915 2960 ἵππον
939 2900 1119 2960 αὐτῶν
1157 2901 1501 2979 ἐλυμήναντο
1538 2901 1870 2976 ἀνηκέστως·

275 2989 331 3045 ἐν
354 2987 464 3066 γαρ
490 2991 561 3065 τῇ
589 2989 815 3066 ἐσβολῇ
847 2986 884 3063 ἥ
921 2993 1043 3047 ἐστι
1083 2987 1223 3047 κατὰ
1254 2987 1585 3064 ’Υάμπολιη
1614 2993 1673 3047 ἐν
1697 2988 1871 3066 ταύτῃ

271 3071 488 3149 τάφρον
541 3075 798 3155 μεγάλην
851 3075 1157 3152 ὀρύξαντες,
1213 3073 1501 3151 ἀμφορέας
1556 3074 1763 3137 κεινοῦς
1816 3080 1872 3139 ἐς

273 3157 443 3234 αύτῆν
471 3162 794 3237 κατέθηκαν·
834 3166 973 3241 χοῦν
999 3162 1058 3220 δὲ
1085 3161 1529 3239 ἐπιφορήσαντες
1556 3162 1647 3218 καὶ
1672 3161 1873 3237 ὁμοιώ-

293 3267 472 3308 ἀντες
517 3252 594 3326 τῷ
639 3248 799 3328 ἄλλῳ
842 3248 1018 3328 χώρῳ,
1067 3248 1319 3318 ἐδέκοντο
1364 3247 1493 3310 τοῦς
1536 3247 1872 3309 Θεσσαλοῦς
