2259 3500
327 108 390 156 54
935 100 1317 150 ἭΡοΔοτοτ.
1832 97 1911 164 [v

318 185 461 245 κατοῖ
487 185 560 245 τὰ
587 182 934 259 συνεθήκατο
960 183 1037 258 τῷ
1061 179 1400 262 ὑπασπιστῇ
1426 179 1578 239 παίει
1605 180 1932 255 προσφερό-

314 300 484 351 μενον
539 270 704 330 αὐτὸν
752 269 852 329 τᾶν
896 267 1220 344 Ἀρτύβιον·
1285 267 1661 342 ἐπιβαλόντος
1721 267 1777 325 δὲ
1833 271 1932 327 τοῦ

316 363 488 421 ἵππου
508 359 636 422 τοῦς
657 358 831 420 πόδας
859 358 949 416 ἐπὶ
975 356 1077 430 τὴν
1101 355 1412 430 Ὀνησίλου
1436 354 1667 424 ἀσπίδα,
1696 357 1931 415 ἐνθαῦτα

314 452 346 510 ὅ
388 450 515 526 Κοὶρ
547 447 803 526 δρεπάνῳ
844 446 1064 521 πλήξας
1096 445 1422 520 ἀπαράσσει
1458 449 1556 504 τοῦ
1596 445 1771 503 ἵππου
1804 445 1932 509 τούς

314 539 506 599 πόδας.
562 535 862 614 Ἀρτύβιος
887 537 990 612 μὲν
1017 535 1085 610 δή
1113 533 1147 593 ἆ
1174 534 1489 614 στρατηγὸς
1515 535 1623 596 τῶν
1654 535 1929 611 Περσέων

224 630 336 686 113
356 627 496 702 ὁμοῦ
521 631 598 705 τῷ
619 626 765 706 ἵππῳ
785 627 977 684 πίπτει
1009 623 1179 683 αὐτοῦ
1206 622 1397 702 ταύτῃ.
1482 624 1839 702 Μαχομένων
1870 626 1929 686 δὲ

314 716 405 774 καὶ
443 720 553 774 τῶν
593 715 800 786 ἄλλων,
843 713 1167 790 Στησήνωρ,
1208 711 1472 788 τύραννος
1515 709 1616 772 ε’ὢν
1661 718 1925 789 Κουρίου,

311 805 568 881 προδιδοῖ
580 803 719 884 ἔχων
734 803 963 880 δύναμιν
979 801 1192 879 ἀνδρῶν
1210 801 1339 877 περὶ
1356 799 1556 860 ἔωυτόν
1574 800 1639 860 οὗ
1659 803 1926 878 σμικρήν·

311 893 464 972 (οἶδὲ
481 893 744 970 Κουριέες
761 889 912 952 οὗτοι
929 891 1192 972 λέγονται
1213 889 1353 950 εἶναι
1370 887 1638 970 Ἀργείων
1655 889 1926 973 ἄποικον)

308 981 626 1057 προδόντων
662 981 722 1040 δὲ
752 983 862 1040 τῶν
900 979 1201 1056 Κουριέων,
1230 976 1428 1037 αὖτίκα.
1454 977 1548 1037 καὶ
1572 977 1645 1037 τὰ
1673 979 1926 1056 Σαλαμι-

311 1069 438 1129 νίων
477 1067 896 1146 πολεμιστήρια
936 1066 1160 1145 ἅρματα
1197 1064 1375 1126 τῶυτό
1422 1069 1576 1126 τοῖσι
1618 1071 1923 1144 Κουριεῦσι

317 1157 516 1216 ἐποίεε·
556 1156 859 1237 γινομένων
891 1156 950 1214 δὲ
984 1154 1212 1223 τούτων,
1244 1154 1641 1231 κατυπέρτεροι
1678 1153 1829 1231 ἦσαν
1870 1159 1923 1216 οἶ

311 1245 536 1322 Πέρσαι
559 1248 670 1304 τῶν
697 1244 981 1320 Κυπρίων.
1061 1241 1443 1320 τετραμμένου
1472 1242 1532 1302 δὲ
1556 1246 1658 1303 τοῦ
1684 1269 1919 1320 στρατο-

310 1332 498 1401 πέδου,
526 1331 698 1391 ἄλλοι
723 1357 787 1390 τε
813 1333 1018 1391 ἔπεσον
1042 1331 1256 1390 πολλοὶ
1283 1330 1377 1390 καὶ
1402 1329 1473 1406 δή
1500 1331 1593 1390 καὶ
1617 1329 1921 1406 Ὀνήσιλός

310 1444 373 1480 τε
399 1419 432 1480 ὅ
458 1421 718 1497 Χέρσιος,
741 1418 921 1497 ὅσπερ
940 1418 1047 1495 τήν
1071 1417 1339 1496 Κυπρίων
1357 1417 1680 1478 ἀπόστασιν
1699 1414 1918 1495 ἔπρηξε,

311 1508 403 1567 καὶ
431 1508 463 1568 ὁ
492 1509 714 1573 Σολίων,
727 1507 1008 1584 βασιλεῦς
1023 1505 1469 1585 Ἀριστόκυπρος
1489 1505 1523 1566 ὅ
1543 1505 1918 1584 Φιλοκύπρου,

309 1596 690 1675 (Φιλοκύπρου
744 1595 804 1655 δὲ
852 1595 1072 1666 τούτου,
1121 1594 1223 1655 τὸν
1278 1592 1473 1658 Σόλων
1540 1593 1574 1654 ὁ
1624 1592 1921 1671 Ἀθηναῖος

309 1683 642 1764 ἀπικόμενος
691 1688 746 1751 ἔς
793 1682 1030 1762 Κύπρον
1083 1687 1143 1744 ε’ν
1197 1683 1358 1742 ἔπεσι
1411 1683 1600 1743 αἴνεσε
1644 1683 1920 1760 τυράννων

217 1778 330 1834 114
347 1775 648 1855 μάλιστα.)
667 1773 980 1850 Ὀνησίλου
993 1772 1098 1850 μέν
1117 1798 1213 1833 νυν
1231 1770 1663 1850 Αμαθουσιοι,
1632 1797 1719 1831 οτι
1734 1774 1921 1849 σφέας

308 1862 697 1940 ἐπολιόρκησε,
726 1859 1109 1937 ἀποταμόντες
1140 1859 1247 1935 τὴν
1277 1859 1534 1936 κεφαλὴν
1566 1857 1836 1936 ε’κόμισαν
1862 1866 1919 1925 ἐς

304 1949 677 2026 Ἀμαθοῦντα,
707 1947 803 2007 καί
824 1972 922 2024 μιν
954 1946 1341 2024 ανεκρέμασαν
1376 1947 1515 2025 υπὲρ
1540 1950 1651 2008 τῶν
1676 1949 1916 2010 πυλέων·

308 2037 654 2115 κρεμαμένης
693 2036 754 2095 δὲ
789 2039 893 2111 τῆς
925 2039 1181 2111 κεφαλῆς
1212 2036 1304 2095 καὶ
1332 2036 1441 2114 ἤδη
1474 2036 1675 2114 ἐούσης
1705 2037 1915 2151 κοίλης,

309 2124 484 2201 ἐσμος
529 2124 852 2201 μελισσέων
900 2122 1062 2189 ε’σδυς
1108 2128 1165 2187 ἐς
1206 2150 1398 2201 αυτην,
1442 2126 1643 2202 κηρίων
1680 2151 1780 2203 μιν
1834 2130 1916 2187 ἐν·

307 2213 543 2288 έπλησε·
583 2211 782 2271 τούτου
809 2212 868 2270 δὲ
892 2212 1193 2293 γενομένου
1216 2211 1494 2283 τοιούτου,
1516 2213 1785 2291 ἐχρέωντο
1802 2213 1914 2295 γοῖρ

306 2302 435 2378 περὶ
475 2299 645 2376 αυτῆς
676 2302 729 2359 οἷ
762 2298 1155 2377 Ἀμαθούσιοι,
1192 2299 1501 2377 ἐμαντεύθη
1535 2306 1648 2376 σφι
1682 2326 1785 2376 την
1810 2304 1916 2378 μὲν

309 2388 565 2463 κεφαλὴν
607 2387 941 2451 κατελόντας
983 2388 1179 2465 θάψαι,
1218 2386 1507 2467 Ὀνησίλῳ
1548 2388 1607 2447 δὲ
1652 2388 1801 2450 θύειν
1843 2389 1915 2453 ὥς

305 2475 444 2553 ἥρωϊ
477 2474 582 2535 «ivd
614 2479 744 2536 πᾶν
765 2476 904 2540 ἔτος.
947 2477 1046 2534 καί
1077 2481 1191 2551 σφι
1224 2480 1449 2535 ποιεῦσι
1486 2479 1661 2535 ταῦτα
1687 2475 1914 2553 ἄμεινον

306 2563 699 2623 συνοίσεσθαι.
778 2562 1150 2641 Ἀμαθούσιοι
1187 2563 1294 2641 μέν
1332 2589 1429 2623 νυν
1475 2562 1693 2622 ἐποίευν
1737 2569 1914 2625 ταῦτα

216 2653 331 2711 115
349 2651 442 2709 καὶ
465 2650 531 2710 τό
557 2652 725 2729 μέχρι
752 2654 902 2728 ἐμεῦ.
950 2649 1138 2715 Ἴωνες
1157 2651 1217 2710 δὲ
1238 2654 1293 2711 οἶ
1314 2655 1372 2710 ἐν
1392 2649 1606 2729 Κύπρῳ
1627 2651 1913 2731 ναυμαχή-

307 2764 522 2811 σαντες,
559 2741 684 2799 ἐπεί
707 2765 772 2799 τε
807 2740 1014 2815 ἔμαθον
1048 2739 1119 2800 w*
1158 2739 1464 2820 πρήγματα.
1495 2738 1567 2798 τὰ
1602 2736 1913 2815 Ὀνησίλου

307 2829 686 2906 διεφθαρμένα
711 2827 926 2892 καὶτοῖς
943 2827 1149 2893 πόλιας
1168 2832 1279 2888 τῶν
1299 2827 1567 2905 Κυπρίων
1586 2830 1912 2905 πολιορκευ-

307 2918 476 2994 μένας
509 2918 609 2980 τοῖς
633 2916 816 2981 ἄλλας
841 2917 996 2992 πλὴν
1023 2918 1362 2995 Σαλαμῖνος,
1395 2916 1603 2993 ταύτην
1628 2916 1688 2976 δὲ
1715 2917 1913 2998 Γόργῳ

305 3010 384 3085 τῷ
417 3004 666 3087 προτέρῳ
698 3006 940 3083 βασιλέϊ
969 3006 1099 3071 τούς
1131 3007 1505 3085 Σαλαμινίους
1542 3005 1910 3083 παραδόντας,

307 3095 505 3155 αὐτίκα
540 3094 812 3172 μαθόντες
851 3096 904 3155 οἱ
934 3093 1120 3161 Ἴωνες
1159 3100 1333 3155 ταῦτα
1373 3094 1675 3155 ἀπέπλωον
1716 3098 1770 3157 ἐς
1807 3093 1914 3168 τὴν

305 3180 536 3260 Ἰωνίην.
615 3186 728 3245 τῶν
758 3184 818 3243 δὲ
850 3188 910 3244 ἔν
940 3184 1153 3263 Κύπρῳ
1189 3186 1403 3245 πολίων
1428 3182 1671 3262 α’ντέσχε
1706 3180 1913 3259 χρόνον

309 3270 402 3329 ἐπὶ
435 3274 710 3336 πλεῖστον
744 3274 1188 3353 πολιορκευμένη
1220 3272 1419 3340 Σόλοι·
1457 3270 1565 3348 τὴν
1588 3268 1753 3345 πέριξ
1774 3264 1912 3326 ὕπο·

336 3418 448 3432 Μ
