2259 3500
344 156 623 219 107—112]
1011 152 1385 203 HOATMNIA.
1844 156 1938 202 163

340 237 401 295 δὲ
434 234 590 314 χώρη
616 234 757 311 αὕτη
787 233 967 293 πάλαι
1000 237 1105 310 μὲν
1143 234 1402 294 ἐκαλέετο
1437 232 1733 309 Γαλλαῖκῆ
1759 237 1856 293 νῦν
1883 235 1942 293 δὲ

340 322 660 400 Βριαντική·
694 323 815 381 ἔστι
839 322 1030 399 μέντοι
1055 324 1134 400 τῷ
1160 320 1484 401 δικαιοτάτῳ
1504 325 1612 381 τῶν
1638 321 1824 401 λόγων
1850 322 1941 380 καὶ

339 409 481 486 αὕτη
522 409 791 469 Κικόνων.
877 408 1102 485 Διαβὰς
1138 409 1197 467 δὲ
1238 412 1339 468 τοῦ
1378 410 1606 467 Λίσσου
1644 413 1900 486 ποταμοῦ
1920 410 2034 469 109

338 497 405 558 τὸ
439 499 666 575 ῥέεθρον
692 496 1174 573 ἅποξηρασμένον,
1200 496 1368 559 πόλις
1397 495 1731 570 Ἑλληνίδας
1767 494 1942 556 τάσδε

339 587 743 663 παραμείβετο·
779 584 1126 661 Μαρώνειαν,
1150 585 1402 656 Δίκαιαν,
1420 582 1706 661 Ἄβδηρα·
1736 584 1940 648 ταύτας

338 700 400 732 τε
436 673 505 749 δὴ
530 672 810 750 παρεξήῖε,
840 673 933 731 καὶ
966 672 1105 731 κατοὶ
1131 671 1336 734 ταύτας
1363 672 1436 743 δὲ,
1470 670 1670 747 λίμνας
1695 670 1936 748 ὀνομασ-

338 760 441 823 τοῖς
489 761 681 820 τάσδε·
744 760 1072 837 Μαρωνείης
1122 761 1228 836 μὲν
1278 757 1488 835 μεταξι)
1535 759 1632 816 καὶ
1685 757 1941 835 Στρυμης

342 848 594 924 κειμένην
622 847 937 923 Ἰσμαρίδα·
981 845 1122 906 κατοὶ
1161 846 1220 905 δὲ
1255 847 1505 916 Δίκαιαν,
1539 846 1912 915 Βιστονίδα,’
1885 872 1941 909 ες

340 934 445 1009 τήν
487 936 729 1013 ποταμοὶ
777 934 875 993 δύο
923 938 1129 994 ἐσιεῖσι
1173 933 1240 994 τό
1282 932 1440 1010 ὕδωρ,
1487 932 1700 1009 Τραῦός
1743 960 1806 993 τε
1848 935 1940 992 καὶ

341 1022 670 1101 Κόμψατος·
714 1022 855 1081 κατὰ
893 1022 953 1081 δὲ
983 1020 1267 1098 Ἀβδηρα,
1306 1021 1509 1097 λίμνην
1543 1023 1648 1097 μὶν
1681 1019 1942 1098 οὐδεμίαν

340 1114 544 1170 ἐοῦσαν
586 1108 944 1187 οὗνομαστήν
982 1110 1378 1186 παραμείψατο
1419 1108 1644 1186 Ξέρξης,
1685 1107 1942 1185 ποταμόν

339 1198 397 1255 δὲ
444 1200 671 1258 Νέστον
712 1198 909 1273 ῥέοντα
951 1202 1006 1260 ε’ς
1053 1196 1374 1257 θάλασσαν.
1455 1196 1598 1273 μετοὶ
1639 1196 1698 1255 δὲ
1738 1194 1942 1260 ταύτας

337 1284 438 1348 τοῖς
476 1285 661 1365 χώρας
703 1284 799 1345 ἰών
828 1285 929 1347 τὰς
964 1283 1326 1361 ἠπειρώτιδας
1364 1284 1532 1347 πόλις
1569 1283 1789 1362 παρήῖε·
1829 1288 1942 1344 τῶν

341 1376 399 1431 ἐν
416 1398 519 1452 μιῃ
493 1374 764 1449 λίμνη’
738 1376 913 1432 εοῧσα
935 1370 1200 1452 τυγχάνει
1227 1371 1360 1431 ὥσεὶ
1381 1371 1678 1449 τριήκοντα
1699 1372 1940 1433 σταδίων

338 1460 595 1536 μαλιστα
638 1486 707 1536 κη
746 1460 851 1535 τήν
892 1460 1167 1535 περίοδον,
1211 1459 1478 1539 ἰχθυώδης
1515 1484 1578 1518 τε
1624 1461 1716 1517 καὶ
1763 1459 1940 1537 κάρτα

340 1548 583 1625 αλμυρή·
623 1572 830 1623 ταυτην
860 1572 930 1607 τα
965 1546 1238 1627 υποζύγια
1246 1550 1448 1655 ἓνμοῦνα
1479 1546 1755 1623 α’ρδόμενα
1785 1546 1938 1617 ἀνεξ-

338 1632 526 1711 ήρῃνε·
582 1638 653 1713 τῇ
701 1635 761 1693 δὲ
806 1633 943 1695 πόλι
988 1632 1163 1713 ταύτῃ
1206 1632 1415 1709 οὔνομά
1462 1638 1586 1693 ἔστι
1633 1636 1936 1711 Πίστυρος·

337 1720 541 1785 ταύτας
564 1723 667 1798 μὲν
694 1720 761 1797 δη
787 1746 886 1784 τας
911 1720 1095 1791 πόλις,
1120 1746 1224 1784 τας
1253 1720 1728 1798 παραθαλασσίας
1756 1746 1819 1780 τε
1847 1721 1939 1780 καὶ

337 1808 689 1886 Ἑλληνίδας,
722 1809 785 1880 ἐξ
822 1808 1099 1884 εὐωνύμου
1139 1809 1325 1888 χειρὸς
1364 1807 1618 1887 οἷπέργων
1656 1807 1937 1884 παρεξήῖε.

290 1901 295 1907 ’
332 1889 536 1958 Ἔθνεα
563 1897 623 1956 δὲ
649 1897 915 1974 Θρηίκων,
945 1896 1011 1956 δι’
1039 1895 1114 1957 ὦν
1139 1901 1242 1972 τῆς
1271 1895 1455 1975 χώρης
1479 1895 1610 1955 ὁδὸν
1635 1896 1895 1965 ἐποιέετο,
1919 1898 2034 1956 110

337 1986 561 2046 τοσάδε·
605 1989 827 2055 Παῖτοι,
873 1985 1123 2055 Κίκονες,
1167 1986 1449 2058 Βίστονες,
1498 1985 1753 2057 Σαπαῖοι,
1800 1991 1937 2061 Δερ-

339 2077 509 2144 σαῖσι,
536 2073 787 2146 Ἠδωνοὶ,
821 2072 1052 2148 Σάτραι·
1090 2073 1298 2133 τούτων
1326 2076 1380 2131 οἶ
1409 2075 1512 2149 μὲν
1537 2071 1692 2149 παρὰ
1723 2070 1936 2132 θάλασ-

340 2185 451 2219 σαν
477 2162 863 2237 κατοικημένοι
890 2166 948 2220 ἐν
965 2164 1103 2239 τῇσι
1128 2163 1293 2236 νηυσὶ
1321 2160 1560 2220 εἵποντο·
1595 2163 1648 2220 οἱ
1675 2160 1734 2219 δὲ
1760 2159 1940 2220 αὐτῶν

338 2248 441 2321 τὴν
466 2246 780 2328 μεσόγαιαν
807 2248 1091 2318 οἰκέοντες,
1120 2245 1554 2327 καταλεχθέντες
1578 2273 1640 2307 τε
1665 2247 1758 2307 ὕπ’
1788 2252 1936 2324 ἐμεῦ,

339 2333 495 2407 πλὴν
527 2335 782 2411 Σατρέων
808 2337 863 2393 οἱ
898 2333 1069 2394 ἄλλοι
1100 2335 1304 2399 πάντες
1334 2337 1475 2413 πεζῇ
1501 2334 1938 2416 ἀναγκαζόμενοι

344 2419 581 2480 εἵποντο.
650 2419 863 2496 Σάτραι
889 2421 949 2480 δὲ
982 2421 1199 2486 οὐδενός
1225 2449 1300 2480 κω
1329 2422 1631 2499 ἀνθρώπων
1661 2422 1898 2498 ὖπ-ήκοοι
1920 2423 2027 2480 111

343 2508 611 2588 ἐγένοντο,
632 2507 773 2567 ὅσον
789 2507 948 2586 ἡμεῖς
967 2509 1140 2586 ἴδμεν·
1169 2509 1322 2568 ἀλλὰ
1343 2510 1659 2569 διατελεῦσι
1677 2509 1745 2569 τό
1771 2511 1940 2588 μέχρι

344 2599 473 2669 ε’μεῦ
509 2595 614 2654 αἶεὶ
646 2595 823 2659 ε’όντες
850 2596 1131 2673 ἐλεύθεροι
1162 2601 1358 2673 μοῦνοι
1383 2598 1653 2673 Θρηίκων·
1695 2598 1943 2656 οἰκέουσί

340 2705 404 2740 τε
439 2681 551 2763 γὰρ
592 2683 759 2761 οὔρεα
798 2683 992 2763 ὖψηλοὶ
1035 2684 1058 2742 ἴ
1089 2745 1103 2763 ⁵
1124 2685 1192 2743 σί
1225 2711 1287 2744 τε
1321 2686 1622 2764 παντοίῃσι
1662 2684 1754 2742 καὶ
1792 2684 1939 2762 χιόνι

342 2772 677 2846 συνηρεφέα,
708 2773 799 2831 καὶ
825 2774 936 2832 εἰσὶ
960 2771 1032 2832 τοὶ
1057 2773 1306 2849 πολέμια
1331 2771 1509 2848 ἄκροι.
1579 2768 1733 2830 οὗτοι
1761 2771 1816 2828 οἳ
1839 2775 1938 2829 τοῦ

342 2851 624 2912 Διονύσου
650 2851 715 2911 τό
740 2852 1007 2928 μαντήῖόν
1030 2857 1140 2912 εἶσι
1161 2852 1468 2929 ἐκτημένοι·
1497 2851 1563 2911 τό
1585 2851 1646 2910 δὲ
1669 2849 1939 2926 μαντήϊον

340 2944 505 2999 τοῦτο
554 2941 675 3000 ἔστι
718 2943 822 3017 μὲν
868 2941 961 3000 ε’πὶ
1000 2945 1108 2999 τῶν
1157 2941 1358 3016 οὐρέων
1398 2944 1508 3000 τῶν
1549 2938 1948 3017 ὑψηλοτάτων*

340 3029 569 3102 Βησσοὶ
604 3028 663 3087 δὲ
701 3032 811 3088 τῶν
848 3029 1101 3106 Σατρέων
1134 3029 1244 3086 εἰσὶ
1283 3031 1334 3086 οἱ
1369 3025 1814 3102 προφητεύοντες
1838 3029 1938 3084 τοῦ

343 3117 478 3190 ἱροῦ,
499 3115 806 3193 πρόμαντις
832 3116 891 3174 δὲ
918 3116 955 3192 ἦ
981 3117 1248 3194 χρέουσα,
1277 3114 1522 3190 κατάπερ
1551 3117 1607 3172 ἐν
1630 3115 1936 3189 Δελφοῖσι,

339 3201 432 3261 καὶ
459 3203 617 3265 ουδὲν
641 3203 1051 3280 ποικιλώτερον.

346 3343 357 3362 -.
418 3291 929 3372 Παοαμειψάμενος
980 3291 1127 3350 δὲο
1112 3289 1392 3368 εΞέρξης
1435 3285 1540 3366 τήν
1593 3289 1896 3366 εἰρημένην,
1917 3289 2031 3350 112
