2259 3500
276 84 374 133 130
892 83 1260 135 ἨΡοΔοτοτ
1711 84 1868 151 [vn.

272 167 460 235 τοῦτο,
488 163 521 223 ὅ
545 188 603 223 τι
628 162 698 239 δή
725 162 857 223 κοτέ
887 167 1010 222 ἐστι
1034 162 1102 223 τὰ
1129 162 1563 241 ἐπιφαινόμενόν
1599 190 1689 224 τοι
1715 170 1774 225 ἐν
1797 170 1876 247 τῷ

272 250 443 332 ὕπνῳ,
472 250 620 311 ὥστε
654 249 802 321 δόξει
843 252 941 327 ἐμὲ
981 248 1125 327 ὁρῶν
1168 252 1239 309 σὲ
1281 250 1436 320 εἶναι,
1462 256 1534 329 τῇ
1571 256 1650 331 σῇ
1678 254 1876 329 ἐσθῆτι

272 340 724 416 τεκμαιρόμενον·
768 342 816 397 εἰ
852 339 910 397 δὲ
947 340 1045 415 ἐμὲ
1077 340 1182 416 μὲν
1224 342 1282 398 ἐν
1322 336 1503 399 οὐδενὶ
1533 340 1687 421 λόγῳ
1719 341 1876 418 ποιή-Ι

276 452 454 497 σεται,
492 426 618 486 οὗδὲ
658 426 885 497 οἷξιῶσει
928 431 1281 503 ἐπιφανῆναι,
1311 425 1438 486 οὔτε
1478 425 1548 503 ἢν
1589 428 1692 504 τήν
1737 429 1878 506 ἐμήν

279 516 496 591 ἐσθῆτα
522 516 630 595 ἔχω
652 514 784 575 ,οὔτε
809 512 879 592 ἦν
904 514 1009 591 τὴν
1034 514 1163 591 σὴν,
1182 516 1251 573 σὲ
1278 514 1338 573 δὲ
1364 515 1736 592 ἐπιφοιτήσει,
1751 522 1878 577 τοῦ·

278 630 343 663 το
384 602 491 680 ἤδη
532 603 813 681 μαθητέον
857 604 1000 663 ἐστί·
1047 607 1096 661 εἰ
1135 600 1246 683 γὰρ
1283 601 1351 677 δὴ
1387 603 1776 679 ἐπιφοιτήσειέ
1811 631 1878 686 γε

278 692 573 772 συνεχέως,
597 692 773 768 φαίην
812 690 881 750 ἂν
921 690 1014 750 καὶ
1054 689 1220 754 ‹nh-6³
1247 691 1396 750 θεῖον
1432 690 1588 750 εἶναι·
1631 696 1679 751 εἰ
1705 692 1769 751 δέ
1789 719 1879 755 τοι

277 778 419 839 οὕτω
459 778 749 855 δεδόκηται
778 780 1054 860 γίνεσθαι,
1084 778 1177 837 καὶ
1204 776 1305 837 οὔκ
1333 776 1424 837 οἷά
1447 804 1509 838 τε
1535 776 1670 839 αὐτὸ
1702 806 1878 858 παρα-

278 868 492 946 τρέψαι,
520 866 651 927 ἀλλ’
677 866 785 943 ἤδη
822 867 908 926 δεῖ
946 869 1044 945 ἐμὲ
1084 870 1144 926 ἐν
1185 867 1342 944 κοίτῃ
1381 869 1453 945 τῇ
1486 871 1565 945 σῇ
1599 873 1880 928 κατυπνῶ-

278 981 394 1025 σαι,
439 955 593 1033 φέρε,
638 954 846 1015 τούτων
886 955 948 1025 ἐξ
988 958 1118 1032 ἐμεῦ
1165 954 1611 1031 ἐπιτελευμένων,
1650 955 1880 1033 φανήτω

280 1044 371 1102 καὶ
398 1044 539 1121 ἐμοί·
579 1044 748 1121 μέχρι
779 1042 839 1101 δὲ
864 1040 1080 1111 τούτου,
1106 1046 1180 1121 τῇ
1206 1041 1494 1121 παρεούσῃ
1522 1042 1716 1123 γνώμῃ
1741 1042 1880 1123 χρή-

185 1132 257 1191 17
282 1130 512 1209 σομαι.”
592 1134 858 1189 Τοσαῦτα
900 1130 1058 1194 εἶπας
1086 1129 1440 1208 Ἀρτάβανος
1481 1131 1718 1203 ἐλπίζων
1744 1132 1878 1209 Ξέρ-

278 1220 376 1289 ξεα
403 1218 690 1287 ἀποδέξειν
717 1218 961 1298 λέγοντα
988 1216 1163 1287 οὐδὲν,
1192 1218 1373 1277 ἐποίεε
1403 1217 1469 1278 τό
1494 1218 1878 1297 κελευόμενον·

280 1305 431 1369 ε’νδῦς
472 1306 531 1365 δὲ
572 1305 676 1381 τήν
718 1305 935 1382 Ξέρξεω
980 1307 1197 1382 ἐσθῆτα
1244 1305 1336 1364 καὶ
1387 1306 1634 1383 ἱζόμενος
1681 1312 1735 1370 ἐς
1779 1306 1881 1367 τὸν

279 1394 591 1473 βασιλήϊον
629 1393 844 1470 θρόνον,
883 1393 953 1457 ὥς
987 1393 1130 1472 μετοῗ.
1172 1398 1349 1454 ταῦτα
1390 1398 1576 1454 κοῖτον
1617 1395 1878 1465 ἐποιέετο,

277 1482 425 1559 ἦλθέ
465 1486 519 1541 οἱ
563 1483 961 1562 κατυπνωμένῳ
1006 1482 1184 1542 τώυτὸ
1231 1481 1446 1559 ὄνειρον
1483 1481 1552 1542 τό
1595 1482 1688 1541 καὶ
1727 1484 1880 1561 παραὶ

278 1564 490 1649 Ξέρξεα
532 1572 752 1647 ἐφοίτα·
792 1570 1077 1647 ὖπερστᾶν
1122 1571 1182 1629 δὲ
1222 1574 1323 1629 τοῦ
1358 1569 1730 1647 Ἀρταβάνου,
1760 1571 1879 1630 εἶπε

280 1658 429 1719 τάδε·
472 1657 559 1696 “⁹
524 1686 633 1737 apa
673 1686 748 1719 συ
789 1658 857 1735 δὴ
900 1662 1074 1722 κεῖνος
1113 1658 1190 1721 εἷς
1217 1685 1248 1718 ο
1277 1657 1644 1717 ἀποσπεύδων
1670 1659 1881 1735 Ξέρξεα

280 1746 687 1827 στρατευεσθαι
740 1748 832 1808 ἐπὶ
878 1774 982 1825 την
1027 1745 1300 1818 Ἑλλάδα,
1349 1772 1421 1809 ως
1468 1745 1536 1822 δὴ
1585 1745 1881 1825 κηδόμενος

280 1835 483 1898 αὐτοῦ·
470 1883 485 1908 ‚
528 1835 659 1896 ἀλλ’
682 1835 807 1906 οὔτε
837 1840 893 1899 ἐς
916 1834 982 1894 τὸ
1010 1835 1323 1912 μετέπειτα,
1344 1860 1470 1895 ουτ-ε
1497 1839 1551 1897 ἐς
1577 1860 1643 1894 το
1671 1861 1880 1912 παραυ-

278 1925 406 1985 τίκα
432 1928 529 1984 νῦν
556 1921 1006 2000 καταπροὶξεαι’
970 1923 1298 2000 αποτρέπων
1318 1922 1383 1981 τό
1408 1922 1578 2001 χρεὸν
1596 1923 1879 2003 γενέσθαι·

278 2011 490 2089 Ξέρξεα
516 2011 575 2070 δὲ
600 2011 672 2087 τοὶ
699 2010 784 2069 δεῖ
806 2009 1250 2086 ἀνηκουστέοντα
1271 2010 1513 2080 παθέειν,
1533 2009 1678 2089 αὐτῷ
1699 2011 1882 2090 ἐκείνῳ

188 2101 263 2159 18
286 2097 652 2175 δεδήλωταιῖἶ
723 2097 912 2157 Ταῦτά
956 2121 1017 2156 τε
1066 2095 1135 2172 δὴ
1185 2097 1366 2156 ἐδόκεε
1410 2095 1763 2174 Ἀρτάβανος
1813 2098 1881 2162 τὸ

280 2185 492 2262 ὄνειρον
534 2184 833 2255 α’πειλέειν,
869 2185 961 2243 καὶ
998 2185 1258 2262 θερμοῖσι
1300 2185 1610 2261 σιδηρίοισι
1649 2187 1882 2254 ἐκκαίειν

281 2272 451 2333 αὐτοῦ
492 2275 727 2351 μέλλειν
766 2271 895 2336 τοῦς
938 2271 1292 2349 ὀφθαλμούς·
1349 2274 1442 2332 καὶ
1485 2271 1563 2342 ὃς,
1601 2271 1883 2351 ἀμβώσας

279 2361 445 2443 μέγα,
487 2359 851 2438 α’ναθρῶσκει,
896 2362 989 2420 καὶ
1030 2360 1398 2438 παριζόμενος
1428 2361 1628 2440 Ξέρξῃ,
1671 2361 1742 2425 ὥς
1781 2361 1885 2438 τήν

279 2449 412 2526 ὄψιν
439 2450 493 2508 οἱ
516 2452 619 2507 τοῦ
646 2449 900 2510 ἐνυπνίου
932 2448 1191 2524 διεξῆλθε
1233 2447 1629 2530 ἀπηγεόμενος,
1658 2448 1885 2528 δεύτερά

280 2539 334 2595 οῖ
373 2538 529 2618 λέγει
563 2535 716 2595 τάδε·
758 2547 794 2572 “
813 2535 922 2618 ἐγὼ
946 2539 1069 2614 μὲν,
1099 2535 1141 2594 ὦ
1167 2538 1436 2613 βασιλεῦ,
1464 2536 1556 2596 οἷα
1597 2536 1885 2615 ἅνθρωπος

281 2623 407 2684 ἰδών
442 2623 549 2701 ἤδη
588 2623 785 2686 πολλά
820 2649 885 2685 τε
918 2625 1011 2684 καὶ
1048 2623 1274 2706 μεγάλα
1304 2624 1555 2686 πεσόντα
1578 2624 1886 2707 πρήγματα

277 2711 389 2773 fin&
419 2711 701 2790 ἡσσόνων,
731 2711 830 2772 οὖκ
859 2713 958 2773 ἔων
983 2738 1054 2772 σε
1077 2711 1152 2771 τοὶ
1177 2712 1361 2773 πάντα
1385 2717 1457 2792 τῇ
1483 2711 1675 2792 ἡλικίῃ
1705 2713 1884 2784 εἴκειν,

282 2801 650 2879 ἐπιστάμενος
695 2800 765 2864 ὥς
808 2800 980 2861 κακὸν
1027 2799 1111 2878 εἴη
1159 2801 1226 2861 τὰ
1272 2804 1506 2862 πολλῶν
1554 2801 1884 2877 ἐπιθυμέειν,

278 2890 626 2967 μεμνημένος
649 2890 757 2967 μὲν
778 2888 881 2950 τὸν
911 2887 1003 2950 ἐπὶ
1029 2889 1423 2970 Μασσαγέτας
1449 2887 1642 2965 Κύρου
1673 2886 1887 2948 στόλον

282 2975 354 3041 ὥς
391 2977 605 3054 ἔπρηξε,
634 2978 983 3056 μεμνημένος
1018 2976 1078 3036 δὲ
1118 2976 1211 3036 καὶ
1252 2975 1352 3037 τὸν
1379 2976 1462 3036 ἐπ’
1489 2977 1765 3040 Αἰθίοπας
1786 2975 1889 3037 τὸν

281 3065 631 3142 Καμβύσεω,
680 3063 1198 3144 συστρατευόμενος
1250 3065 1310 3124 δὲ
1370 3065 1463 3124 καὶ
1516 3064 1734 3144 Δαρείῳ
1795 3064 1888 3122 ἐπὶ

282 3153 519 3218 Σκύθας·
562 3154 930 3234 ἐπιστάμενος
967 3157 1160 3224 ταῦτα,
1193 3153 1420 3236 γνώμην
1462 3152 1631 3232 εἶχον,
1664 3151 1887 3228 σῖτρεμί-

284 3240 447 3304 ζοντά
471 3267 545 3304 σε
566 3242 918 3322 μακαριστόν
943 3241 1083 3304 εἶναι
1122 3241 1264 3319 πρός
1303 3240 1523 3301 πάντων
1562 3238 1886 3314 ἀνθρώπων.

2228 1124 2237 1136 ι

2250 1236 2251 1241 Α
2249 1136 2251 1181 ᾼ,
2243 1046 2252 1129 Ᾰ-μ»ᾼ
