2259 3500
380 134 436 199 9]
1010 136 1381 189 nonnum.
1881 144 1974 191 123

378 220 505 277 ἐστι
542 214 701 274 οὕτω·
745 217 833 276 ἵνα
860 216 919 275 δὲ
944 240 1025 293 μη
1069 216 1470 292 ἰδιοβουλεύειν
1508 220 1642 296 ύμῖν
1681 220 1869 292 δοκέω,
1892 223 1974 282 τί-

376 303 516 412 θημι
556 330 623 364 το
665 308 899 385 πρῆγμα
936 310 991 367 ἐς
1028 305 1226 381 μέσον,
1264 305 1490 387 γνώμην
1521 306 1758 368 κελεύων
1793 308 1974 386 ύμέων

374 391 473 451 τ’ὁν
495 392 851 469 βουλόμενον
875 392 1344 470 άποφαίνεσθαιῗ
1423 398 1600 455 ταῦτα
1625 397 1781 459 εἴπας
1806 397 1968 458 ἐπαύ·

376 504 487 539 ero.

454 566 597 627 Μετ’
622 566 791 627 αύτὸν
830 568 891 628 δὲ
919 568 1236 646 Μαρδόνιος
1267 570 1444 651 ἔλεγε·
1486 580 1523 606 “
1539 569 1580 629 ὦ
1613 570 1878 643 δέσποτα,
1905 572 1971 634 ού
1999 576 2035 633 9

371 654 544 731 μόνον
572 655 648 718 εἷς
671 659 781 715 τῶν
804 657 1114 737 γενομένων
1143 658 1410 734 Περσέων
1444 658 1673 735 ἄριστος
1697 658 1852 719 ἀλλὰ
1878 662 1972 719 καὶ

372 746 482 803 τῶν
515 744 809 820 ἐσομένων·
852 744 916 808 ὃς
948 744 1021 804 τά
1050 771 1113 804 τε
1144 744 1298 805 ἄλλα
1328 748 1508 828 λέγων
1539 748 1725 806 ἐπίκεο
1765 746 1972 823 ἄριστα.

373 832 465 890 καὶ
491 830 866 907 ἀληθέστατα,
897 834 989 891 καὶ
1016 832 1212 897 Ἴωνας
1238 833 1366 899 τούς
1391 840 1450 896 ἐν
1473 839 1546 914 τῇ
1571 833 1813 914 Εὐρώπῃ
1841 862 1969 896 κατ-

372 921 691 997 οικημένους
742 920 843 981 οὔκ
896 921 1080 985 ἐάσεις
1132 922 1516 1005 καταγελάσαι
1571 923 1723 1000 ἡμῖν,
1779 923 1969 988 ἐόντας

370 1005 643 1077 α’ναξίους·
686 1010 778 1068 καὶ
819 1010 930 1091 γσῖρ
967 1008 1146 1070 δεινὰν
1181 1008 1248 1070 ἂν
1286 1012 1370 1087 εἴη
1405 1016 1655 1093 πρῆγμα,
1700 1016 1762 1081 εἰ,
1782 1011 1970 1078 Σάκας

368 1098 472 1169 μὲν
499 1098 591 1155 καὶ
606 1096 813 1162 Ἰνδοΰς
833 1099 925 1157 καὶ
944 1098 1218 1162 Αἰθίοπάς
1243 1125 1304 1159 τε
1331 1099 1422 1157 καὶ
1447 1099 1787 1178 Ἀσσυρίους
1812 1100 1966 1161 ἄλλα

368 1209 430 1242 τε
472 1186 630 1245 ἔθνεα
672 1186 869 1245 πολλὰ
915 1187 1004 1245 καὶ
1050 1186 1293 1268 μεγάλα,
1341 1186 1686 1263 ἀδικήσαντα
1733 1190 1964 1266 Πέρσας

370 1271 525 1332 οὐδὲν
552 1274 704 1333 ἀλλὰ
731 1274 959 1350 δύναμιν
984 1275 1386 1353 προσκτᾶσθαι
1411 1275 1770 1353 βουλόμενοι,
1799 1302 1962 1337 κατα-

366 1362 742 1438 στρεψάμενοι
783 1363 1015 1426 δούλους
1054 1364 1271 1443 ἔχομεν,
1289 1363 1576 1439 Ἕλληνας
1601 1364 1662 1423 δὲ
1690 1364 1962 1441 ὑπάρξαν-

365 1473 465 1511 τας
500 1448 727 1525 οἷδικίης,
768 1449 833 1509 ού
862 1452 1316 1529 τιμωρησόμεθα·
1355 1452 1418 1511 τί
1451 1452 1764 1522 δείσαντεςς
1809 1454 1964 1529 κοίην

367 1536 615 1611 πλήθεος
654 1538 1007 1615 συστροφὴν,
1051 1540 1208 1615 κοίην
1253 1538 1313 1599 δέ
1351 1538 1652 1617 χρημάτων
1695 1539 1960 1616 δύναμιν;

364 1626 476 1683 τῶν
512 1624 857 1701 ἐπιστάμεθα
881 1628 985 1703 μὲν
1009 1625 1114 1703 τὴν
1143 1626 1350 1705 μάχην,
1379 1627 1727 1704 ἐπιστάμεθα
1763 1628 1824 1686 δὲ
1859 1627 1964 1703 τὴν

366 1710 596 1789 δύναμιν
644 1716 848 1774 ἐοῦσαν
894 1713 1159 1776 ἀσθενέα·
1209 1715 1410 1794 ἔχομεν
1448 1714 1508 1774 δὲ
1548 1714 1725 1776 αὐτῶν
1763 1716 1963 1781 παῖδας

365 1802 882 1879 καταστρεψάμενοι
917 1801 1162 1874 τούτους,
1201 1803 1254 1862 οἳ
1291 1809 1349 1863 ἐν
1389 1806 1462 1882 τῇ
1499 1802 1740 1882 ἡμετέρῃ
1781 1827 1962 1864 κατοι-

363 1893 605 1968 κημένοι,
622 1889 808 1954 Ἴωνές
832 1916 894 1951 τε
921 1892 1013 1950 καὶ
1030 1893 1261 1955 Αἰολέες
1278 1891 1370 1950 καὶ
1388 1891 1622 1967 Δωριέες
1647 1892 1960 1952 καλέονται.

362 1978 660 2056 ἐπειρήθην
698 1980 757 2038 δὲ
800 1980 890 2038 καὶ
932 1978 1097 2044 αὐτὸς
1126 1979 1232 2056 ἤδη
1261 1979 1574 2040 ἐπελαύνων
1602 1980 1692 2038 ἐπὶ
1715 1979 1844 2043 τούς
1869 1978 1960 2040 ἅν-

361 2067 493 2143 δρας
526 2067 772 2138 τούτους,
798 2066 911 2126 dm?
952 2067 1165 2144 πατρός
1204 2071 1306 2127 τοῦ
1346 2071 1454 2127 σοῦ
1489 2069 1824 2132 κελευσθείς·
1867 2070 1967 2129 καί

359 2179 457 2230 μοι
496 2155 667 2233 μέχρι
703 2153 1050 2230 Μακεδονίης
1087 2155 1372 2226 ἐλάσαντι,
1403 2156 1494 2214 καὶ
1526 2154 1722 2236 ὀλίγον
1762 2155 1958 2216 α’,πολι-

360 2241 523 2300 πόντι
567 2246 621 2305 ἐς
664 2241 833 2305 αὐτοῖς
864 2241 1105 2316 Ἀθήνας
1149 2242 1466 2313 ἀπικέσθαι,
1507 2243 1681 2307 οὐδεὶς
1719 2243 1959 2320 α’,ντιώθη

362 2333 417 2390 ἐς
454 2327 663 2406 μάχην.
747 2331 926 2388 καίτοι
950 2356 1017 2409 γε
1046 2330 1252 2390 ἐώθασι
1269 2330 1564 2406 Ἕλληνες,
1594 2331 1664 2396 ὥς
1689 2331 1958 2392 πυνθάνο-

360 2439 479 2491 μαι,
514 2414 879 2491 ἀβουλότατα
918 2418 1200 2495 πολέμους
1243 2418 1527 2491 ἵστασθαι,
1557 2418 1668 2480 ύπό
1699 2445 1760 2479 τε
1786 2419 1957 2500 οἶγνω-

360 2501 610 2579 μοσύνης
635 2505 725 2562 καὶ
753 2504 1101 2580 σκαιότητος·
1146 2505 1312 2565 ἐπεοῖν
1353 2505 1462 2586 γοῖρ
1506 2505 1819 2582 ἀλλήλοισι
1859 2507 1957 2568 πό-

360 2591 537 2665 λεμον
579 2594 904 2668 προείπωσι,
944 2593 1254 2670 ἐξευρόντες
1295 2593 1362 2653 τό
1408 2593 1721 2655 κάλλιστον
1755 2596 1958 2673 χωρίον

361 2679 454 2736 καὶ
496 2679 801 2750 λειότατον,
844 2685 897 2743 ἐς
940 2685 1108 2740 τοῦτο
1151 2679 1430 2745 κατιόντες
1473 2681 1769 2760 μάχονται·
1813 2682 1958 2741 ὥστε

360 2765 469 2825 σύν
494 2770 641 2845 κακῷ
678 2767 907 2848 μεγάλω
936 2771 988 2828 οἶ
1015 2773 1268 2832 νικῶντες
1293 2767 1788 2829 ἀπαλλάσσονται·
1829 2770 1958 2846 περὶ

360 2852 421 2910 δὲ
444 2857 554 2913 τῶν
582 2856 912 2931 ἐσσωμένων
940 2855 1065 2914 οὐδὲ
1089 2857 1238 2939 λέγω
1265 2856 1463 2936 ἀρχὴν,
1493 2857 1717 2926 ἐξώλεες
1739 2855 1850 2962 γοῖρ
1887 2856 1955 2932 δὴ

359 2942 623 3019 γίνονται·
678 2967 810 3005 τους
851 2948 1010 3022 χρῆν,
1055 2944 1244 3009 ἐόντας
1289 2945 1714 3027 ὁμογλώσσους,
1765 2941 1961 3020 κήρυξί

359 3055 418 3088 τε
446 3031 878 3109 διαχρεωμένους
905 3033 995 3090 καὶ
1022 3033 1322 3113 ἀγγέλοισι
1364 3031 1818 3108 καταλαμβάνειν
1857 3057 1958 3096 τας

359 3117 648 3196 διαφοράς,
678 3120 769 3176 καὶ
795 3120 961 3180 παντὶ
986 3124 1214 3195 μᾶλλον
1240 3118 1276 3196 ἦ
1301 3120 1540 3198 μάχῃσι·
1586 3123 1634 3176 εἰ
1657 3119 1716 3176 δὲ
1742 3118 1958 3182 πάντως

358 3204 469 3264 ἔδεε
510 3207 809 3283 πολεμέειν
835 3206 975 3284 πρός
1001 3205 1308 3284 ἀλλήλους,
1339 3207 1671 3284 ἐξευρίσκειν
1709 3209 1854 3285 χρῆν
1885 3211 1958 3286 τῇ

356 3293 611 3367 ἐκάτεροί
652 3299 765 3366 εἱσι
810 3295 1326 3374 δυσχειρωτότατοι,
1375 3295 1466 3352 καὶ
1517 3293 1693 3370 ταύτῃ
1740 3298 1957 3370 πειρᾶν·
