2259 3500
355 146 635 213 209-211]
1031 144 1400 196 nkoMmA.
1859 148 1951 200 20⁷

353 232 526 291 πόλιν
549 234 660 289 τῶν
687 232 746 287 ἐν
761 226 1018 301 Ἕλλησι
1049 224 1419 301 προσφέρεαι,
1448 223 1539 283 καὶ
1567 224 1767 303 ἄνδρας
1792 226 1951 302 α’ρίσ-

353 317 536 382 τους.”
619 316 796 393 κάρτα
845 339 906 374 τε
935 313 1028 389 -δῆ
1079 310 1333 373 ἄπιστα.
1346 312 1529 390 Ξέρξῃ
1576 314 1834 388 ἐφαίνετο
1882 314 1955 374 τοὶ

357 405 636 488 λεγόμενα
662 398 817 472 εἶναι,
845 403 937 461 καὶ
961 399 1190 477 δεύτερα
1226 400 1491 477 ἐπειρώτα
1527 399 1712 460 ὅντινα
1742 401 1955 478 τρόπον

355 497 619 554 τοσοῦτοι
659 492 838 554 ἐόντες
868 494 940 569 τῇ
978 492 1181 548 ἑωυτοῦ
1216 492 1455 567 στρατιῇ
1490 488 1872 567 μαχέσονταις
1922 489 1954 551 ὅ

357 580 419 641 δὲ
439 582 578 641 εἶπε·
607 589 644 616 “
661 578 704 638 ὦ
727 580 997 655 βασιλεῦ,
1018 577 1147 654 ἐμοὶ
1171 578 1422 655 χρᾶσθαι
1442 575 1515 640 ὥς
1532 575 1691 653 ἀνδρὶ
1717 575 1954 656 ψεύστῃ,

356 666 426 744 ἢν
451 668 532 746 μὴ
557 666 735 728 ταῦτά
759 692 849 726 τοι
874 665 1052 745 ταύτῃ
1077 666 1225 743 ἐκβῇ
1250 667 1323 743 τῇ
1350 663 1457 745 ἐγῶ
1484 662 1683 745 λέγω.”

440 759 628 814 Ταῦτα
662 755 841 835 λέγων
875 752 976 813 οὔκ
1015 752 1199 813 ἔπειθε
1236 778 1337 813 τον
1369 752 1600 829 Ξέρξεα·
1640 755 1915 831 τέσσερας
1934 754 2050 813 210

358 846 464 920 μὲν
503 841 572 919 δή
607 842 886 919 παρεξηκε
925 840 1152 917 ημέρας,
1181 840 1419 911 ἐλπίζων
1453 839 1563 898 αἰεί
1601 845 1785 915 σφεας
1818 839 1957 898 «ἰπο-

361 929 692 1007 δρήσεσθαι·
732 929 960 1007 πέμπτῃ
985 928 1062 997 δὲ,
1091 954 1165 991 ως
1184 954 1283 987 ουκ
1310 926 1775 998 ἀπαλλάσσοντο,
1802 926 1959 987 ἀλλά

361 1020 416 1075 οἱ
453 1018 748 1092 ἐφαίνοντο
783 1015 1028 1093 ἀναιδείῃ
1059 1040 1122 1075 τε
1159 1017 1251 1075 καὶ
1286 1014 1533 1095 ἀβουλίῃ
1564 1016 1956 1095 διαχρεώμενοι

359 1105 559 1183 μένειν,
592 1106 800 1181 πέμπει
829 1100 913 1164 ἐπ’
942 1102 1143 1167 αὐτοῦς
1176 1103 1407 1179 Μήδους
1443 1130 1506 1163 τε
1546 1103 1639 1162 καὶ
1678 1104 1958 1167 Κισσίους

361 1193 643 1270 θυμωθεὶς,
675 1191 1056 1269 ἐντειλάμενός
1087 1199 1273 1267 σφεας
1303 1192 1695 1274 ζωγρήσαντας
1720 1190 1876 1272 ἄγειν
1899 1196 1954 1255 ἐς

361 1278 490 1357 ὄψιν
518 1278 623 1357 τὴν
653 1283 874 1341 ἑωυτοῦ·
915 1278 988 1343 ὥς
1021 1276 1068 1337 δ’
1096 1280 1373 1339 ἐπέπεσον
1399 1280 1697 1357 φερόμενοι
1735 1284 1791 1344 ἐς
1824 1279 1955 1345 τούς

350 1366 639 1444 Ελληνας
672 1371 726 1427 οἶ
761 1368 969 1443 Μῆδοι,
1005 1367 1236 1427 ἔπιπτον
1277 1367 1505 1426 πολλοί·
1548 1366 1719 1436 ἄλλοι
1754 1366 1861 1427 δ”
1833 1394 1955 1429 επε-

363 1453 588 1530 σήῖσαν,
619 1457 710 1514 καὶ
737 1454 838 1515 οὐκ
869 1453 1249 1515 απελαύνοντο
1278 1455 1473 1533 καίπερ
1497 1455 1753 1559 μεγάλως
1779 1480 1954 1533 προσ-

362 1536 668 1599 πταίοντες·
695 1536 870 1611 δῆλον
894 1534 941 1594 δ’
957 1536 1175 1595 ἐποίευν
1198 1536 1371 1595 παντί
1390 1560 1494 1613 τεῳ
1515 1538 1607 1594 καὶ
1634 1534 1733 1595 οὐκ
1750 1535 1957 1611 ἥκιστα

364 1621 508 1701 αυτῷ
530 1622 846 1698 βασιλέῖ,”
813 1648 902 1683 οτι
936 1621 1149 1681 πολλοὶ
1183 1648 1283 1699 μεν
1312 1620 1592 1699 ἅνθρωποι
1628 1622 1737 1682 εἶεν
1768 1622 1955 1706 ολίγοι

318 1732 329 1743 ·
365 1709 424 1769 δὲ
449 1708 660 1788 ἄνδρες.
723 1712 931 1793 ἐγίνετο
957 1710 1016 1772 δὲ
1033 1710 1072 1786 ἦ
1094 1710 1367 1788 συμβολή
1390 1710 1457 1770 δι’
1472 1710 1691 1788 ἤμέρης.
1757 1708 1922 1772 Ἐπεί
1932 1714 2043 1774 211

361 1823 426 1858 τε
455 1799 514 1858 δὲ
555 1802 608 1858 οἶ
645 1800 833 1876 Μῆδοι
864 1798 1110 1877 τρηχέως
1142 1800 1506 1876 περιείποντο,
1540 1801 1775 1860 ἐνθαῦτα
1806 1797 1960 1860 οὗτοι

358 1889 466 1964 μὲν
507 1886 828 1964 ὕπεξήῖσαν,
875 1891 928 1946 οἱ
967 1889 1028 1948 δὲ
1069 1887 1293 1965 Πέρσαι
1335 1887 1681 1965 ἐκδεξάμενοι
1720 1887 1960 1963 ἐπήῖσαν

361 1974 490 2038 τούς
513 1974 822 2038 ἀθανάτους
847 1975 1040 2036 ἐκάλεε
1066 1975 1360 2051 βασιλεῦς,
1381 1981 1491 2034 τῶν
1510 1974 1650 2054 ἦρχε
1674 1974 1957 2052 Ὑδάρνης,

361 2061 434 2124 οἷς
459 2061 528 2138 δῆ
555 2061 716 2124 οὗτοί
734 2090 804 2145 γε
838 2062 1100 2126 εὐπετέως
1134 2066 1625 2143 κατεργασόμενοι·
1667 2062 1739 2125 ὥς
1772 2061 1832 2122 δὲ
1868 2063 1961 2122 καὶ

359 2147 516 2210 οὗτοι
547 2153 892 2233 συνέμισγον
930 2154 1082 2211 τοῖσι
1112 2150 1385 2226 Ἕλλησι,
1422 2149 1579 2210 οὐδὲν
1616 2151 1793 2210 πλέον
1834 2152 1961 2227 ἐφέ-

362 2263 530 2313 ροντο
551 2242 654 2314 τῆς
679 2243 946 2316 στρατιῆς
975 2242 1076 2315 τῆς
1107 2237 1367 2313 Μηδικῆς
1392 2236 1547 2296 α’,λλσῖ
1575 2237 1648 2297 τὰ
1679 2237 1836 2307 αὐτὰ,
1865 2237 1962 2298 ἅτε

364 2329 424 2382 ἐν
457 2325 800 2404 στεινοπόρῳ
828 2352 892 2385 τε
925 2325 1088 2403 χώρῳ
1113 2325 1425 2404 μαχόμενοι
1456 2325 1549 2382 καὶ
1586 2324 1787 2403 δόρασι
1819 2327 1962 2403 βρα-

363 2411 648 2488 χυτέροισι
672 2411 974 2490 χρεώμενοι
999 2410 1145 2489 ἥπερ
1172 2415 1227 2472 οἱ
1240 2412 1533 2488 Ἕλληνες,
1563 2415 1654 2472 καὶ
1680 2413 1781 2472 οὐκ
1813 2415 1962 2493 ἔχον-

361 2523 454 2560 τες
475 2497 686 2574 πλήθεϊ
710 2498 1059 2578 χρήσασθαι.
1129 2499 1557 2576 Λακεδαιμόνιοι
1592 2500 1652 2559 δὲ
1688 2500 1965 2580 ἐμάχοντο

363 2584 526 2654 ἀξίως
551 2585 744 2668 λόγου,
773 2587 928 2647 ἅλλα
952 2613 1014 2648 τε
1041 2587 1491 2665 ἀποδεικνύμενοι
1520 2593 1579 2647 ἐν
1604 2587 1703 2647 οὔκ
1737 2594 1963 2647 ἐπιστα-

362 2673 585 2747 μένοισι
610 2672 898 2753 μάχεσθαι
918 2674 1357 2752 ἐξεπιστάμενοι,
1380 2675 1473 2733 καὶ
1492 2673 1629 2736 ὅκως
1650 2675 1965 2750 ἐντρέψειαν

362 2760 436 2820 τοὶ
477 2764 638 2832 νῶτα,
681 2763 844 2826 ἁλέες
885 2763 1201 2844 φεύγεσκον
1244 2762 1429 2838 δῆθεν·
1478 2764 1531 2822 οἶ
1572 2762 1633 2820 δὲ
1672 2760 1965 2838 βάρβαροι

365 2846 624 2921 ὄρέωντες
650 2851 960 2932 φεύγοντας
993 2852 1114 2930 βοῇ
1139 2875 1203 2910 τε
1236 2852 1329 2910 καὶ
1364 2849 1594 2931 πατάγῳ
1630 2847 1885 2922 ἐτι-ἤϊσαν,
1912 2851 1965 2909 Οἶ

365 2933 412 2992 δ’
459 2932 528 2994 ἂν
576 2937 1143 3017 καταλαμβανόμενοι
1188 2937 1545 3014 ὑπέστρεφον
1596 2935 1773 2996 οἷντίοι
1828 2936 1966 2996 εἶναι

363 3025 518 3083 τοῖσι
547 3024 922 3102 βαρβάροισι·
963 3024 1483 3103 μεταστρεφόμενοι
1518 3025 1577 3084 δὲ
1608 3025 1967 3100 κατέβαλλον

362 3109 574 3188 πλήθεϊ
605 3112 1013 3191 ἀναριθμήτους
1043 3118 1155 3174 τῶν
1187 3115 1475 3191 Περσέων·
1518 3113 1747 3171 ἔπιπτον
1782 3111 1841 3170 δὲ
1876 3112 1967 3171 καὶ

364 3198 546 3260 αὐτῶν
587 3205 700 3262 τῶν
744 3201 1135 3279 Σπαρτιητέων
1182 3204 1417 3263 ἐνθαῦτα
1464 3199 1668 3280 ὀλίγοι.
1750 3200 1870 3258 ἐπεὶ
1908 3199 1968 3258 δὲ

362 3286 521 3349 οὐδὲν
561 3288 818 3351 ἐδυνέατο
856 3291 1217 3367 παραλαβεῖν
1256 3291 1311 3348 οἶ
1358 3287 1581 3364 Πέρσαι
1625 3289 1729 3362 τῆς
1767 3285 1969 3349 ἐσόδου
