2259 3500
353 130 632 198 125—129]
1003 134 1313 185 o‘rpmm.
1849 136 1945 189 271

353 210 534 288 θύμως
560 213 877 275 συντίθεται
903 214 1211 291 προδοσίην
1235 213 1555 291 Τιμόξεινος
1580 213 1614 274 ὁ
1643 218 1753 275 τῶν
1778 216 1949 280 Σκιω-

351 300 518 361 ναίων
558 301 890 382 στρατηγός·
938 300 1126 362 ὅντινα
1159 304 1264 376 μὲν
1297 302 1507 378 τρόπον
1546 300 1742 380 ἀρχὴν,
1779 304 1952 383 ἔγωγε

355 388 451 447 οὐκ
495 391 600 467 ἔχω
643 394 832 449 εἰπεῖν·
889 390 954 449 οὖ
993 388 1104 469 γάρ
1149 388 1223 449 ὧν
1260 391 1505 470 λέγεται·
1560 391 1722 453 τέλος
1760 393 1953 465 μέντοι

353 477 537 535 τοιάδε
565 478 793 557 ἐγίνετο·
837 477 973 539 ὅκως
997 477 1251 553 βυβλίον
1276 477 1509 556 γράψειε
1544 476 1581 552 ἢ
1612 478 1946 553 Τιμόξεινος,

355 565 560 624 ἐθέλων
613 564 768 641 παρὰ
819 563 1175 641 Ἀρτάβαζον
1225 566 1461 640 πέμψαι,
1515 563 1552 639 ἢ
1605 564 1955 641 Ἀρτάβαζος

353 651 508 729 παρὰ
559 651 896 729 Τιμόξεινον,
947 650 1285 727 τοξεύματος
1331 651 1483 727 παρὰ
1529 652 1628 714 τοῖς
1672 654 1955 732 γλυφίδας

356 739 784 815 περιειλίξαντες
811 740 902 797 καὶ
922 738 1306 815 πτερώσαντες
1324 738 1391 797 τὸ
1417 740 1686 815 βυβλίον,
1706 740 1956 809 ἐτόξευον

361 833 415 890 ἐς
439 828 802 907 συγκείμενον
841 827 1062 906 χωρίον.
1105 826 1370 889 ἐπάῖστος
1402 826 1461 885 δὲ
1494 828 1703 907 ἐγίνετο
1730 827 1761 887 ὁ
1788 827 1955 905 Τιμό-

360 915 532 983 ξεινος
583 913 874 989 προδιδοῦς
925 914 1028 989 τὴν
1080 914 1407 973 Ποτίδαιαν·
1474 914 1710 983 τοξεύων
1759 916 1869 995 γὰρ
1922 914 1957 975 ὅ

359 1001 709 1079 Ἀρτάβαζος
737 1008 791 1065 ἐς
816 1002 882 1061 τό
909 1002 1288 1083 συγκείμενον,
1318 1001 1577 1079 οἷμαρτῶν
1614 1006 1715 1061 τοῦ
1750 1004 1955 1082 χωρίου

359 1089 571 1163 τούτου,
617 1091 832 1166 βάλλει
874 1089 1070 1167 ανδρός
1101 1090 1481 1167 Ποτιδαιήτεω
1515 1090 1615 1151 τόν
1646 1090 1813 1167 ὦμον·
1858 1090 1959 1151 τᾶν

361 1178 420 1237 δὲ·
444 1180 740 1255 βληθέντα
765 1180 1095 1257 περιέδραμε
1127 1176 1342 1255 ὅμιλος,
1370 1179 1461 1238 οἶα
1495 1180 1681 1255 φιλέει
1703 1180 1961 1260 γίνεσθαι

363 1271 420 1325 ἐν
472 1267 720 1346 πολέμῳ·
771 1294 824 1326 οι
879 1265 1075 1327 αὐτίκα
1127 1266 1195 1325 τό
1246 1266 1489 1343 τόξευμα
1540 1267 1834 1343 λαβόντες,
1890 1292 1960 1330 ως

363 1354 570 1431 ἔμαθον
609 1355 676 1414 τό
717 1356 986 1431 βυβλίον,
1038 1356 1237 1431 ἔφερον
1284 1354 1375 1412 ἐπὶ
1420 1381 1547 1417 τους
1594 1355 1958 1437 στρατηγούς·

362 1446 546 1519 παρῆν
593 1442 653 1500 δὲ
699 1444 790 1502 καὶ
834 1448 944 1503 τῶν
991 1442 1183 1501 ἄλλων
1226 1442 1603 1517 Παλληναίων
1646 1445 1959 1521 συμμαχίη·

363 1532 516 1588 τοῖσι
542 1529 600 1587 δὲ
629 1534 1000 1611 στρατηγοῖσι
1027 1529 1478 1605 ἐπιλεξαμένοισι
1503 1529 1571 1589 τό
1591 1532 1843 1606 βυβλίον
1869 1532 1962 1589 καὶ

364 1617 614 1691 μαθοῦσι
650 1617 750 1677 τᾶν
789 1620 966 1677 αἴτιον
1004 1622 1105 1693 τῆς
1144 1616 1463 1693 προδοσίης,
1496 1617 1648 1686 ἔδοξε
1682 1616 1764 1694 μή
1800 1643 1963 1677 κατα-

365 1704 570 1774 πλέξαι
601 1704 924 1783 Τιμόξεινον
958 1706 1255 1784 προδοσίῃ,
1282 1709 1382 1780 τῆς
1420 1706 1729 1769 Σκιωναίων
1765 1704 1963 1768 πόλιος

369 1792 562 1866 εἵνεκα,
601 1793 682 1870 μή
723 1795 1040 1871 νομιζοίατο
1081 1795 1218 1854 εἶναι
1250 1795 1539 1858 Σκιωναῖοι
1580 1798 1635 1855 ἐς
1672 1792 1771 1852 τὸν
1808 1795 1961 1869 μετέ-

367 1905 530 1941 πειτα
555 1881 760 1960 χρόνον
782 1883 888 1942 αἰεὶ
915 1883 1201 1960 προδόται·
1246 1881 1276 1941 ὁ
1304 1884 1407 1957 μὲν
1432 1881 1501 1956 δὴ
1527 1879 1757 1958 τοιούτῳ
1776 1879 1963 1959 τρόπῳ

369 1969 632 2032 ἐπάῖστος
669 1971 936 2052 ἐγεγόνεε.
1019 1970 1349 2048 Ἀρταβάζῳ
1382 1969 1442 2028 δὲ
1482 1967 1669 2043 ἐπειδὴ
1696 1972 1923 2044 πολιορ-
1945 1970 2057 2028 129

370 2059 548 2118 κέοντι
585 2059 918 2140 ἐγεγόνεσαν
953 2063 1099 2136 τρεῖς
1132 2063 1319 2136 μῆνες,
1350 2057 1561 2138 γίνεται
1596 2056 1843 2132 ἄμπωτις
1868 2061 1969 2132 τῆς

369 2145 669 2220 θαλάσσης
706 2146 932 2226 μεγάλη
974 2148 1065 2205 καὶ
1105 2147 1309 2226 χρόνον
1350 2145 1441 2203 ἐπὶ
1480 2143 1719 2202 πολλόν·
1764 2143 1969 2207 ἰδόντες

369 2233 428 2290 δὲ
456 2236 510 2291 οἱ
538 2232 831 2310 βάρβαροι
867 2235 1097 2314 τέναγος
1135 2233 1447 2314 γενόμενον,
1476 2232 1761 2309 παρήῖσαν
1788 2237 1841 2295 ἐς
1865 2231 1969 2307 τήν

372 2319 705 2395 Παλλήνην·
773 2320 843 2383 ὥς
883 2321 942 2378 δὲ
982 2320 1082 2382 τσῖς
1107 2321 1205 2379 δύο
1244 2324 1348 2397 μὲν
1387 2322 1585 2398 μοίρας
1625 2319 1968 2396 διοδοιπορήὲ-

373 2430 560 2475 κεσαν,
591 2406 770 2465 ἔτιδὲ
808 2412 955 2484 τρεῖς
994 2406 1295 2467 ὑπόλοιποι
1322 2407 1487 2484 ἦσαν,
1514 2407 1615 2470 τοῖς
1651 2407 1970 2469 διελθόντας

370 2496 516 2569 χρῆν
555 2495 664 2552 ἔσω
696 2495 835 2554 εἶναι
876 2500 934 2554 ἐν
967 2499 1038 2572 τῇ
1074 2495 1371 2574 Παλλήνῃ,
1402 2496 1614 2569 ἐπῆλθε
1648 2496 1971 2570 πλημμυρὶς

372 2584 471 2654 τῆς
513 2579 814 2656 θαλάσσης
851 2581 1090 2663 μεγάλη,
1121 2581 1233 2658 ὅση
1276 2582 1492 2660 οὐδαμά
1533 2607 1625 2651 κω,
1656 2580 1725 2643 ὥς
1766 2583 1818 2638 οἱ
1858 2583 1966 2638 ἔπι·

372 2666 566 2744 χώριοι
591 2669 844 2749 λέγουσι,
873 2672 1153 2734 πολλάκις
1176 2672 1584 2752 γινομένη.οἶ
1609 2669 1713 2744 μὲν
1739 2667 1807 2742 δὴ
1834 2667 1974 2726 νέειν

374 2752 555 2814 αυτῶν
576 2754 676 2814 οὐκ
696 2757 1056 2834 ἐπιστάμενοι
1077 2759 1477 2836 διεφθείροντο·
1518 2781 1648 2818 τους
1667 2755 1772 2813 δὲ’
1747 2779 1973 2813 επιστα-

373 2842 573 2917 μένους
599 2846 652 2902 οἱ
688 2846 1054 2922 Ποτιδαιῆται
1089 2846 1505 2907 ἐπιπλώσαντες
1538 2836 1796 2902 πλοίοισι
1826 2839 1973 2899 οἷπω-

376 2933 574 2989 λεσαν.
657 2932 832 2990 αἴτιον
873 2933 932 2992 δὲ
971 2935 1207 3013 λέγουσι
1261 2937 1313 2992 οἶ
1368 2931 1735 3006 Ποτιδαιῆται
1774 2932 1875 3003 τῆς
1912 2953 1975 2988 τε

375 3018 572 3095 ῥηχίης
604 3020 695 3076 καὶ
723 3023 824 3093 τῆς
863 3022 1255 3098 πλημμυρίδος
1296 3021 1387 3079 καὶ
1426 3024 1527 3078 τοῦ
1560 3021 1845 3094 Περσικοῦ
1872 3015 1973 3074 πά-

379 3104 502 3167 θεος
527 3107 790 3185 γενέσθαι
813 3107 959 3178 τόδε,
989 3108 1076 3168 ὅτι
1100 3113 1202 3169 τοῦ
1231 3107 1612 3168 Ποσειδέωνος
1639 3112 1693 3168 ἐς
1718 3103 1817 3164 τὸν
1842 3102 1977 3179 νηόν

378 3192 470 3250 καὶ
495 3193 562 3252 vd
589 3193 820 3276 ἄγαλμα
845 3195 912 3256 τό
939 3200 998 3256 ἐν
1033 3199 1110 3276 τῷ
1142 3195 1459 3274 προαστείῳ
1491 3193 1795 3270 ἠσέβησαν
1822 3188 1977 3250 οὗτοι

377 3284 487 3340 τῶν
553 3283 822 3360 Περσέων
876 3283 1072 3360 τοίπερ
1136 3284 1229 3342 καὶ
1280 3281 1667 3358 διεφθάρησαν
1714 3278 1826 3341 ὖπό
1876 3283 1978 3355 τῆς
