2259 3500
308 151 402 198 150
921 145 1293 195 ἨΡΟΔΟΤΟΤ
1755 146 1902 211 [VH.

308 228 447 297 τόξα
505 226 771 305 ἐπιχώρια
836 224 1117 301 καλάμινα
1181 226 1397 303 ἔχοντες
1456 226 1548 285 καὶ
1601 224 1906 296 α’κινάκεας,

308 314 727 392 ἐστρατεύοντο·
770 310 933 373 οὗτοι·
962 314 1065 389 μὲν
1106 312 1249 373 οὕτω
1275 312 1629 383 ἐσκευάδατο,
1657 312 1908 394 ἡγεμόνα

308 400 683 481 παρεχόμενοι
717 399 1086 477 Ἀριόμαρδον
1127 400 1228 460 τὸν
1264 400 1570 476 Ἀρτυφίου
1609 398 1906 475 ἀδελφεόν.

309 490 601 571 Σαράγγαι
626 488 687 547 δὲ
714 488 912 564 εἵματα
938 490 1041 565 μὲν
1059 488 1403 565 βεβαμμένα
1432 489 1728 564 ἐνέπρεπον
1755 489 1907 567 ἕχον-

305 602 415 640 τες·
458 577 660 636 πέδιλα
704 576 763 634 δὲ
807 580 862 638 ἐς
900 575 1037 655 γόνυ
1077 574 1431 636 ἀνατείνοντα
1473 575 1639 653 εἶχον,
1668 573 1808 643 τόξα
1849 576 1909 635 δὲ

309 666 401 725 καὶ
437 663 643 742 αἰχμάς
683 662 957 738 Μηδικάς·
1001 664 1336 744 Σαραγγέων
1371 663 1430 722 δὲ
1464 661 1606 741 ἦρχε
1642 662 1908 740 Φερενδά-

305 779 407 829 της
454 750 486 811 ὄ
534 750 901 833 Μεγαβάζου.
985 750 1241 813 Πάκτυες
1285 751 1345 809 δὲ
1392 748 1801 827 σισυρνοφόροι
1845 775 1908 809 τε

306 840 459 917 ἦσαν
486 840 579 898 καὶ
604 838 741 909 τόξα
768 837 1034 917 ἐπιχώρια
1061 838 1214 917 εἶχον
1240 837 1332 897 καὶ
1359 836 1677 917 ἐγχειρίδια.
1752 836 1907 895 Πάκ-

306 954 429 991 τυες
444 958 465 979 ι
480 927 539 986 δὲ
591 926 837 1005 ἄρχοντα
887 927 1221 1003 παρείχοντο
1268 924 1573 1002 Ἀρτύντην
1618 924 1717 985 τόν
1758 922 1906 985 Ἰθα-

214 1017 290 1074 68
306 1015 539 1092 μάτρεω.
629 1012 825 1073 Οὔτιοι
866 1013 924 1071 δὲ
970 1014 1061 1072 καὶ
1103 1012 1293 1073 Μύκοι
1333 1038 1395 1073 τε
1439 1012 1532 1071 καὶ
1574 1012 1907 1088 Παρικάνιοι

308 1102 707 1178 ἐσκευασμένοι
753 1098 903 1173 ἦσαν
953 1100 1198 1177 κατάπερ
1242 1100 1507 1164 Πάκτυες.
1594 1098 1800 1159 τούτων
1847 1100 1908 1160 δὲ

304 1188 481 1267 ἦρχον
526 1188 657 1247 οἵδε·
703 1187 915 1248 Οὐτίων
956 1190 1061 1264 μὲν
1104 1190 1197 1247 καὶ
1237 1188 1444 1248 Μύκων
1477 1188 1831 1265 Ἀρσαμένης
1871 1188 1906 1247 ὅ

309 1276 566 1353 Δαρείου·
623 1276 975 1351 Παρικανίων
1030 1276 1089 1334 δὲ
1136 1276 1470 1352 Σιρομίτρης
1515 1274 1547 1335 ό
1599 1274 1905 1350 Οἰοβάζου.

214 1367 286 1423 69
309 1363 575 1440 Ἀράβιοι
617 1364 675 1423 δε
716 1362 895 1440 ζειρὰς
930 1362 1380 1441 υπεζωσμένοι’
1343 1388 1512 1440 ησαν·
1552 1363 1690 1432 τόξα
1716 1362 1776 1421 δὲ
1799 1389 1906 1421 πα-

303 1452 531 1511 λίντονα
565 1451 717 1530 εἶχον
741 1450 881 1527 πρός
907 1452 1073 1522 δεξιοὶ,
1099 1452 1305 1529 μακρά.
1389 1451 1653 1513 Αἰθίοπες
1680 1451 1738 1509 δε
1764 1477 1905 1563 παρ·

304 1538 507 1603 δαλέας
530 1565 591 1599 τε
629 1539 721 1598 καὶ
761 1540 1019 1603 λεοντέας
1055 1540 1368 1616 ἐναμμένοι,
1393 1538 1533 1609 τόξα
1560 1538 1699 1598 δὲ’
1647 1565 1798 1616 ειχον
1839 1544 1901 1598 ἐκ

304 1626 555 1701 φοίνικος
596 1626 820 1701 σπάθης
864 1627 1210 1703 πεποιημένα
1256 1624 1462 1703 μακροὶ,
1514 1624 1905 1703 τετραπήχεων

304 1740 405 1774 ουκ
447 1714 696 1775 ἐλάσσω·
740 1714 830 1774 ε’πὶ
874 1714 950 1784 δὲ,
996 1713 1336 1792 καλαμίνους
1378 1712 1601 1777 όϊστους
1640 1712 1902 1790 μακρούς·

303 1802 451 1885 (ἀντὶ
493 1803 551 1862 δὲ
593 1801 827 1880 σιδήρου
864 1806 1003 1878 ἐπῆν
1038 1802 1198 1866 λίθος
1237 1801 1364 1871 ‹38:35-
1405 1801 1788 1878 πεποιημένος,
1829 1807 1906 1880 τῷ

305 1890 397 1951 καὶ
420 1891 520 1953 τοὶς
540 1891 859 1972 σφρηγῖδας
878 1887 1214 1969 γλύφουσι·)
1241 1888 1380 1966 πρός
1405 1889 1481 1958 δὲ,
1499 1887 1705 1967 αἰχμὰς
1732 1888 1903 1968 εἶχον·

303 1979 396 2036 ἐπὶ
436 1977 511 2046 δὲ,
542 1979 703 2054 κέρας
745 1975 1011 2053 δορκάδος
1052 1980 1192 2051 ἐπ’-ἣν
1231 1975 1330 2046 όξι)
1363 1978 1753 2054 πεποιημένον,
1780 1976 1905 2054 τρό-

302 2090 411 2124 πον
455 2063 690 2144 λόγχης·
734 2063 888 2142 εἶχον
931 2063 989 2121 δὲ
1034 2065 1125 2122 καὶ
1169 2064 1394 2140 ῥόπαλα
1429 2064 1666 2124 τυλωτά·
1708 2067 1808 2123 τοῦ
1846 2064 1906 2123 δὲ

308 2150 568 2227 σώματος
607 2151 673 2210 τὰ
714 2153 817 2228 μὲν
855 2150 1031 2228 ἥμισυ
1074 2151 1438 2228 ἐξηλείφοντο
1462 2151 1623 2234 γύψῳ
1653 2150 1824 2214 ἰόντες
1852 2157 1906 2215 ἐς

306 2237 511 2316 μάχην,
541 2239 607 2298 τό
634 2238 680 2297 δ’
710 2240 895 2314 ἕτερον
919 2239 1097 2316 ἥμισυ
1137 2241 1334 2320 μιλτῳ.
1416 2239 1699 2317 Ἀραβίων
1725 2239 1785 2298 δὲ
1813 2241 1904 2317 καὶ

304 2324 589 2384 Αἰθιόπων
622 2329 734 2386 τῶν
774 2326 914 2404 ὖπέρ
941 2327 1226 2406 Αἰγύπτου
1267 2329 1568 2405 οἰκημένων
1606 2326 1747 2405 ἦρχε
1777 2326 1904 2403 Ἀρ-

306 2413 510 2489 σάμης,
539 2413 571 2473 ὁ
600 2415 839 2490 Δαρείου
867 2414 958 2472 καὶ
983 2413 1369 2492 Ἀρτυστώνης
1392 2421 1493 2490 τῆς
1519 2414 1709 2492 Κύρου
1738 2414 1901 2494 θυγα-

306 2500 455 2578 τρός·
494 2500 601 2576 τήν
640 2501 895 2577 μάλιστα
936 2502 1172 2579 στέρξας
1212 2507 1322 2562 τῶν
1351 2505 1622 2584 γυναικῶν
1650 2505 1902 2578 Δαρεῖος,

305 2587 429 2647 εἰκῶ
470 2589 719 2667 χρυσέην
759 2589 1130 2666 σφυρήλατον
1164 2589 1487 2666 ἐποιήσατο.
1570 2593 1679 2649 τῶν
1704 2591 1808 2664 μὲν
1836 2589 1903 2662 δή

299 2674 437 2752 ὖπὲρ
465 2675 750 2756 Αἰγύπτου
778 2677 1059 2737 Αἰθιόπων
1086 2677 1180 2736 καὶ
1203 2676 1492 2754 Ἀραβίων
1519 2676 1658 2755 ἦρχε
1698 2674 1904 2751 Ἀρσά-

212 2761 283 2824 70
300 2788 430 2840 μης.
516 2767 589 2822 Οἱ
630 2764 689 2822 δὲ
728 2762 843 2822 α’πο
882 2763 1049 2840 ἡλίου
1085 2764 1402 2824 άνατολέων
1429 2765 1706 2835 Αἰθίοπες,
1737 2761 1904 2842 (διξοὶ

298 2850 407 2930 γὰρ
436 2849 503 2926 δη
525 2849 964 2932 ἐστρατεύοντο,)
992 2850 1449 2962 προσετετάχατο
1476 2854 1628 2910 τοῖσι
1652 2849 1900 2926 Ἰνδοῖσι,

300 2937 743 3001 διαλλάσσοντες
782 2939 921 3001 εἶδος
955 2941 1059 3014 μὲν
1094 2937 1253 2998 ουδὲν
1295 2942 1448 2998 τοῖσι
1489 2939 1748 3015 ἑτέροισι,
1789 2943 1904 3012 φω-

300 3049 401 3098 νην
439 3025 497 3084 δε
532 3025 622 3083 καὶ
664 3027 917 3105 τρίχωμα
952 3027 1275 3100 μοῦνον·οῑ
1309 3027 1413 3101 μὲν
1451 3050 1562 3104 γαρ
1605 3024 1701 3083 απ’
1737 3023 1904 3100 ἡλίου

300 3113 563 3176 Αἰθίοπες
604 3113 876 3192 ἰθύτριχές
917 3116 1046 3171 εἰσι·
1089 3112 1228 3170 οἶδὲ
1255 3116 1316 3170 ἐκ
1352 3115 1454 3187 τῆς
1477 3111 1698 3187 Λιβύης
1739 3109 1903 3169 οὐλό-

298 3223 467 3259 τατον
502 3201 755 3280 τρίχωμα
781 3201 979 3280 ἔχουσι
1004 3198 1228 3259 πάντων
1255 3198 1575 3276 α’νθρῶπων.
1662 3196 1816 3257 οὗτοι
1845 3197 1905 3256 δὲ

300 3285 355 3342 οἳ
396 3289 458 3343 ἐκ
498 3290 600 3362 τῆς
638 3287 836 3366 Ἀσίης
879 3287 1160 3357 Αἰθίοπες,
1204 3287 1276 3346 ταῖ
1315 3288 1420 3363 μὲν
1457 3286 1614 3344 πλέω
1655 3283 1903 3360 κατάπερ
