2259 3500
364 149 643 213 169--172J
983 148 1353 197 nonnum.
1865 151 1954 201 191

358 230 391 290 ὁ
439 232 498 289 δὲ
556 228 825 297 Μίκυθος,
875 228 1087 303 οἰκέτης
1141 228 1244 288 ἐῶν
1287 228 1610 299 Ἀναξίλεω,
1667 230 1963 305 ἐπίτροπος

355 317 582 398 Ῥηγίου
648 316 1071 374 καταλέλειπτο·
1143 314 1304 380 οὗτος
1357 316 1536 393 ὅσπερ
1599 316 1848 375 ἐκπεσὼν
1903 322 1962 375 ἐκ

356 404 583 486 Ῥηγίου
615 404 705 462 καὶ
744 404 953 485 Τεγέην
987 404 1091 478 τὴν
1122 402 1405 481 Ἀρκάδων
1447 403 1694 479 οἰκήσας,
1731 403 1962 480 ἀνέθηκε

358 496 417 552 ἒν
440 492 729 568 Ὀλυμπίῃ
755 491 885 553 τούς
910 491 1163 553 πολλοῦς
1204 491 1544 568 ἀνδριάντας.
1626 489 1814 551 Ἀλλσὶ
1853 494 1924 551 τοὶ
1945 496 2050 553 171

356 575 458 650 μὲν
500 572 641 637 κατά
680 572 965 651 Ῥηγίνους
1005 598 1067 630 τε
1110 572 1202 629 καὶ
1242 574 1608 648 Ταραντίνους
1647 577 1748 632 τοῦ
1788 574 1962 654 λόγου

356 687 454 737 μοι
504 661 825 737 παρενθηκη
866 661 1081 740 γέγονε·
1131 666 1187 722 ἐς
1233 659 1294 719 δὲ
1339 659 1442 736 τήν
1483 660 1715 737 Κρήτην
1756 666 1993 738 ἔρημα»,

358 750 571 818 θεῖσαν,
594 747 667 810 οἷς
692 748 929 825 λέγουσι
951 748 1237 821 Πραίσιοι,
1263 748 1640 819 ἐσοικίζεσθαι
1665 748 1877 812 ἅλλους
1901 776 1964 809 τε

357 835 679 913 ἀνθρώπους
721 836 811 893 καὶ
858 832 1107 894 ιιάλιστα
1138 834 1446 911 Ἕλληνας·
1500 838 1658 915 τρίτῃ
1702 837 1760 895 δὲ
1800 842 1962 917 γενεῇ

355 922 499 999 μετοὶ
530 924 727 983 Μίνωα
758 921 1174 997 τελευτήσαντα
1213 924 1475 1003 γενέσθαι
1509 923 1580 984 τοὶ
1616 923 1850 1001 Τρωϊκά·
1905 930 1962 983 ἐν

356 1016 507 1071 τοῖσι
548 1013 615 1070 οὔ
662 1015 1085 1087 φλαυροτατους
1139 1012 1442 1086 φαίνεσθαι
1497 1011 1686 1075 ἐόντας
1733 1017 1962 1090 Κρῆτας

356 1105 623 1177 τιμωροῦς
672 1100 953 1177 Μενελεῳ·
1016 1098 1138 1158 ἀντὶ
1190 1100 1398 1158 τούτων
1445 1100 1508 1158 δέ
1553 1106 1664 1177 σφι
1719 1100 1960 1160 ἀπονοσ-

356 1186 569 1263 τήσασι
603 1193 665 1247 ἐκ
693 1188 893 1264 Τροίης
926 1186 1097 1263 λιμόν
1120 1213 1186 1247 τε
1213 1188 1304 1246 καὶ
1331 1188 1534 1265 λοιμὸν
1559 1189 1837 1269 γενέσθαι,
1867 1191 1960 1247 καὶ

356 1275 575 1335 αὐτοῖσι
620 1275 713 1334 καὶ
753 1279 908 1335 τοῖσι
950 1275 1318 1351 προβάτοισι·
1379 1276 1432 1338 ἔς
1476 1302 1552 1346 τε,
1595 1277 1660 1336 τό
1709 1276 1960 1354 δεύτερον

357 1364 735 1440 ἐρημωθείσης
776 1362 1021 1439 Κρήτης,
1054 1362 1196 1438 μετὰ
1229 1367 1342 1423 τῶν
1381 1362 1704 1425 ὑπολοίπων
1742 1365 1960 1441 τρίτους

356 1450 527 1525 αὐτὴν
554 1456 651 1510 νῦν
677 1451 945 1527 νέμεσθαι
982 1454 1228 1526 Κρῆτας.
1297 1449 1336 1526 ἦ
1361 1453 1464 1525 μὲν
1499 1452 1566 1527 δή
1603 1453 1790 1527 Πυθίη
1824 1452 1958 1512 ὖπο-

354 1537 627 1613 μνήσασα
666 1542 857 1607 ταῦτα,
891 1538 1025 1615 ἔσχε
1064 1539 1450 1614 βουλομένους
1488 1540 1770 1616 τιμωρέειν
1808 1544 1960 1600 τοῖσι

351 1621 619 1701 Ἕλλησι.
744 1702 751 1710 .

438 1714 733 1774 Θεσσαλοὶ
759 1714 817 1773 δὲ
836 1713 945 1774 ὖπό
968 1712 1270 1795 ἀναγκαίης
1294 1713 1359 1774 vd
1387 1718 1606 1791 πρῶτον
1631 1714 1916 1792 ἐμήδισαν,
1938 1716 2052 1776 172

356 1802 429 1866 ὥς
482 1802 723 1872 διέδεξαν
777 1801 863 1862 ὅτι
914 1800 981 1861 οὔ
1035 1809 1148 1879 σφι
1201 1801 1397 1877 ἥνδανε
1444 1802 1515 1861 τά
1561 1805 1616 1861 οἱ
1660 1802 1958 1862 Ἀλευάδαι

358 1892 759 1970 ἐμηχανέωντο·
814 1891 939 1950 ε’πεί
973 1916 1037 1950 τε
1076 1891 1186 1971 γάρ
1231 1892 1500 1950 ε’πυθέατο
1540 1890 1783 1970 τάχιστα
1822 1892 1956 1967 μέλ-

354 1981 529 2038 λοντα
568 1979 875 2055 διαβαίνειν
899 1979 999 2038 τόν
1036 1979 1269 2055 Πέρσην
1296 1983 1350 2040 ἐς
1375 1978 1478 2053 τήν
1503 1976 1792 2055 Εὐρώπην,
1820 1980 1958 2054 πέμ-

354 2094 527 2127 πουσι
569 2073 624 2130 ἐς
662 2067 761 2127 τᾶν
799 2066 1035 2142 Ἰσθμόν
1077 2059 1368 2146 ἀγγέλους·
1429 2071 1488 2125 ἐν
1527 2065 1588 2124 δὲ
1626 2070 1704 2145 τῷ
1749 2065 1960 2145 Ἰσθμῷ

354 2154 502 2230 ἦσαν
549 2155 849 2231 ἁλισμένοι
894 2154 1213 2231 πρόβουλοι
1259 2157 1360 2228 τῆς
1400 2152 1691 2224 Ἑλλάδος,
1734 2153 1958 2232 ἀραιρη-

354 2244 512 2318 μένοι
544 2243 657 2301 ἀπὸ
694 2247 803 2301 τῶν
840 2243 1053 2302 πολίων
1087 2246 1198 2302 τῶν
1233 2241 1306 2302 τά
1345 2241 1546 2318 ἀμείνω
1576 2245 1960 2320 φρονεουσέων

356 2330 484 2404 περὶ
519 2329 621 2404 τὴν
661 2329 934 2389 Ἑλλάδα·
978 2329 1304 2407 ἀπικόμενοι
1357 2329 1416 2388 δὲ
1458 2330 1548 2389 ε’πὶ
1586 2331 1813 2394 τούτους
1850 2336 1960 2390 τῶν

358 2420 673 2474 Θεσσαλῶν
701 2419 753 2475 οἶ
780 2416 1013 2497 ἄγγελοι
1042 2419 1252 2496 ἔλεγον·
1295 2429 1331 2454 “
1350 2419 1542 2495 ἄνδρες
1556 2418 1850 2494 ’Ἐλληνες,
1873 2419 1959 2478 δεῖ

360 2502 768 2574 φυλάσσεσθαι
787 2503 889 2578 τὴν
910 2503 1166 2579 ἐσβολὴν
1191 2505 1293 2578 τὴν
1311 2503 1682 2581 Ὀλυμπικὴν,
1709 2507 1795 2565 ἵνα
1816 2513 1959 2564 Θεσ-

360 2589 537 2664 σαλίη
578 2615 640 2648 τε
682 2591 787 2649 καὶ
813 2591 850 2666 ἧ
893 2590 1172 2666 σύμπασα
1213 2590 1250 2670 ᾗ
1281 2591 1494 2654 Ἑλλὰς
1538 2597 1595 2652 ἐν
1636 2594 1820 2670 σκέπῃ
1858 2599 1959 2653 τοῦ

358 2678 631 2753 πολέμου·
658 2677 819 2755 ἡμεῖς
836 2679 939 2754 μέν
964 2705 1060 2738 νυν
1086 2680 1302 2756 ἑτοῖμοί
1325 2685 1473 2756 εἶμεν
1500 2680 1959 2756 συμφυλάσσειν·

358 2765 599 2840 πέμπειν
638 2765 699 2824 δὲ
734 2767 845 2846 χρὴ
874 2768 965 2826 καὶ
999 2767 1171 2844 ῦμέας
1208 2767 1442 2843 στρατιῖ
1447 2794 1478 2827 ν
1514 2767 1756 2842 πολλήν·
1801 2766 1885 2837 ὥς,
1915 2772 1962 2827 εἰ

358 2853 439 2928 μή
456 2855 722 2933 πέμψετε,
738 2855 1048 2915 ἐπίστασθε
1062 2854 1238 2931 ήμέας
1255 2854 1634 2936 ὁμολογήσειν
1647 2857 1722 2933 τῷ
1741 2855 1960 2934 Πέρσῃ·

360 2939 425 2998 οὗ
464 2941 573 3021 γάρ
613 2969 701 3002 τοι
741 2943 1190 3020 προκατημένους
1224 2945 1468 3001 τοσοῦτο
1499 2940 1610 3017 πρὸ
1646 2947 1746 3016 τῆς
1781 2940 1962 3018 ἄλλης

358 3026 651 3101 Ἑλλάδος,
678 3031 914 3108 μούνους
948 3031 1059 3108 πρό
1084 3029 1266 3107 ι’μέων
1291 3030 1376 3089 δεῖ
1399 3029 1737 3089 ἀπολέσθαι.
1818 3031 1958 3106 βοη-

360 3117 503 3177 θέειν
546 3119 605 3179 δὲ
653 3119 719 3179 οὗ
760 3114 1119 3197 βουλόμενοι,
1169 3118 1472 3199 ἀναγκαίην
1517 3115 1652 3191 ἡμῖν
1705 3115 1964 3193 οὐδεμίαν

359 3206 473 3266 οἷοί
520 3209 587 3268 τέ
637 3214 765 3268 ε’στε
818 3209 1182 3285 προσφέρειν·
1243 3203 1458 3278 οὐδαμοὶ
1509 3201 1618 3283 γάρ
1665 3202 1965 3281 ἀδυνασίης

357 3292 573 3378 ἀνάγκη
614 3289 871 3376 κρέσσων
912 3295 1036 3371 ἔφυ·
1090 3292 1251 3371 ἡμεῖς
1289 3291 1350 3350 δὲ
1388 3288 1773 3366 πειρησόμεθα
1809 3291 1971 3353 αὐτοί
