2259 3500
289 136 351 181 98
876 128 1242 179 ‘HPOAOTOT
1762 128 1882 191 [v1.

286 210 635 287 προπλώσας
660 210 761 269 οὔκ
788 209 851 269 ἔα
878 208 979 271 τοὶς
1018 208 1144 270 νέας
1174 205 1316 284 πρός
1351 206 1456 283 τήν
1495 210 1673 282 νῆσον
1707 232 1886 285 προσ-

287 298 632 375 ορμίζεσθαι,
682 293 837 355 omo?
890 295 1065 371 πέρην
1111 299 1171 355 ἐν
1215 298 1288 377 τῇ
1329 293 1556 373 Ῥηνέῃ·
1611 294 1776 360 αὖτός
1827 298 1888 357 δὲ

286 384 597 461 πυθόμενος
626 384 715 443 ἵνα
739 382 889 459 ἦσαν
916 386 969 442 οἱ
996 382 1218 458 Δήλιοι,
1247 383 1480 459 πέμπων
1505 381 1716 460 κήρυκα
1753 384 1887 465 ἠγό-

285 472 416 550 ρευέ
448 478 560 547 σφι
595 470 747 531 τάδε·
789 480 825 505 “
840 468 1031 548 ἄνδρες
1067 470 1194 547 ἱροὶ,
1228 470 1291 531 τί
1325 469 1625 551 φεύγοντες
1659 472 1886 551 οἴχεσθε

289 559 389 619 οὐκ
425 558 685 635 ἐπιτηὸέα
726 557 1089 639 καταγνόντες
1130 557 1251 619 κατ’
1289 561 1454 635 ἔμε-ῦς
1497 557 1606 639 ἐγῶ
1641 557 1752 639 γοίρ
1793 562 1886 619 καὶ

286 646 452 711 αὖτὸς
478 646 569 705 ἐπὶ
592 643 838 706 τοσοῦτό
870 671 937 727 γε
967 646 1203 723 φρονέω,
1233 646 1332 705 καί
1364 671 1464 722 μοι
1505 650 1566 705 ἐκ
1605 648 1886 723 βασιλέος

286 732 391 793 ὦδε
418 734 826 805 ἐπέσταλται,’
800 758 858 793 εν
881 732 921 813 ᾖ
946 732 1102 814 χωρῃ
1129 736 1184 793 οἱ
1211 731 1309 793 δυο
1337 733 1508 794 θεοὶ’
1482 733 1732 814 εγένοντο
1757 761 1884 795 ταυ-

260 848 387 900 τήν
425 822 599 900 μηδὲν
637 818 913 893 σίνεσθαι,
955 822 1098 899 μήτε
1143 820 1315 897 αὐτὴν
1357 820 1461 896 τὴν
1478 820 1703 935 Ηχῶρην
1739 822 1884 899 μήτε

282 936 413 1016 τους
461 911 750 987 οἰκήτορας
796 909 984 986 αὐτ-ἧς.
1066 913 1164 971 νῦν
1208 908 1282 969 ὧν
1329 910 1422 969 καὶ
1466 907 1628 968 ἄπιτε
1677 913 1768 970 ἐπὶ
1811 939 1884 973 τα.

287 992 525 1075 ὑμέτερα
553 998 733 1058 αὐτῶν
760 998 851 1057 καὶ
875 998 979 1073 τὴν
1004 1001 1182 1073 νῆσον
1209 995 1499 1074 νέμεσθε.”
1579 1002 1754 1058 ταῦτα
1779 1002 1884 1075 μὲν

284 1084 761 1161 ἐπεκηρυκεύσατο
787 1088 940 1145 τοῖσι
961 1086 1252 1160 Δηλίοισι·
1292 1084 1435 1161 μετὰ
1461 1084 1534 1159 δὲ,
1565 1087 1883 1161 λιβανωτοῦ
1911 1112 1930 1129 ’

282 1170 581 1247 τριηκόσια
614 1171 866 1231 τάλαντα
903 1172 1222 1247 κατανήσας
1256 1172 1348 1231 ἐπὶ
1381 1177 1483 1231 τοῦ
1519 1174 1721 1248 βωμοῦ
1762 1176 1881 1235 ἐθυ-

188 1261 265 1317 98
281 1259 475 1335 μίησε.
558 1262 735 1322 Δᾶτις
778 1262 882 1335 μὲν
928 1259 997 1336 δὴ
1042 1264 1222 1321 ταῦτα
1268 1259 1512 1334 ποιήσας
1559 1261 1724 1321 ἔπλεε
1763 1262 1882 1340 ἅμα

280 1350 357 1425 τῷ
394 1351 618 1426 στρατῷ
650 1348 741 1406 ἐπὶ
772 1346 877 1423 τήν
898 1346 1188 1425 Ἐρέτριαν
1226 1350 1436 1424 πρῶτα,
1463 1347 1582 1424 ἅμα
1611 1346 1883 1431 α’γόμενος

283 1434 375 1493 καὶ
402 1433 599 1499 Ἴωνας
640 1435 733 1493 καὶ
775 1436 1031 1499 Αἰολέας.
1112 1435 1256 1512 μετὰ
1298 1435 1358 1495 δὲ
1397 1440 1597 1496 τοῦτον
1634 1439 1882 1499 ἐνθεῦτεν

281 1521 671 1601 ἐξαναχθέντα,
714 1525 909 1597 Δῆλος
945 1522 1184 1600 ἐκινήθη,
1228 1521 1299 1587 ὥς
1335 1523 1532 1605 ἔλεγον
1566 1527 1620 1583 οἱ
1657 1524 1878 1601 Δήλιοι,

283 1610 375 1668 καὶ
414 1613 608 1689 πρῶτα
648 1611 740 1669 καὶ
778 1608 995 1671 ὕστατα
1022 1610 1216 1693 [μέχρι
1243 1614 1374 1688 ε’μεῧ
1401 1612 1746 1693 σεισθεῖσα]
1789 1614 1880 1673 καὶ

279 1702 447 1760 τοῦτο
492 1700 597 1777 μέν
648 1726 748 1760 κου
800 1699 964 1778 τέρας
1009 1698 1356 1777 ἀνθρώποισι
1402 1702 1513 1760 τω’“ν
1557 1699 1881 1776 μελλόντων

280 1787 515 1849 ἔσεσθαι
544 1791 737 1848 ,κακῶν
778 1788 948 1865 ἔφῃνε
973 1786 1006 1847 ὁ
1035 1786 1180 1850 θεός·
1221 1787 1314 1846 ἐπὶ
1349 1785 1460 1868 γοὶρ
1499 1791 1741 1864 Δαρείου
1779 1794 1880 1850 τοῦ

274 1873 633 1938 ’Ὑστάσπεος
672 1874 765 1934 καὶ
792 1874 1008 1951 Ξέρξεω
1047 1878 1147 1934 τοῦ
1176 1875 1416 1952 Δαρείου
1456 1875 1549 1934 καὶ
1586 1874 1879 1954 Ἀρταξέρ-

278 1961 381 2030 ξεω
434 1965 534 2021 τοῦ
586 1961 818 2038 Ξέρξεω,
872 1964 1040 2038 τριῶν
1091 1961 1328 2021 τουτέων
1384 1963 1582 2039 ἐπεξῆς
1631 1964 1876 2044 γενεέων,

280 2048 495 2127 ἐγένετο
533 2049 687 2106 πλέω
727 2047 869 2106 κακοὶ
903 2050 975 2125 τῇ
1015 2047 1256 2108 Ἑλλάδι
1279 2048 1317 2126 ἦ
1359 2051 1450 2110 ἐπὶ
1487 2051 1666 2111 εἴκοσι
1697 2050 1879 2116 ἄλλας

274 2133 469 2214 γενεαῖς
495 2134 595 2198 τοὶς
619 2135 729 2213 πρό
758 2136 998 2212 Δαρείου
1038 2138 1359 2217 γενομένας·
1398 2138 1471 2198 ταῖ
1496 2141 1601 2214 μὲν
1626 2139 1739 2199 ‹iv-6
1769 2144 1878 2201 τῶν

276 2222 544 2298 Περσέων
586 2221 727 2301 αὐτῇ
759 2223 1045 2304 γενόμενα,
1072 2224 1144 2284 τοὶ
1172 2225 1232 2284 δὲ
1257 2223 1352 2284 ἀπ’
1377 2223 1558 2286 αὐτῶν
1581 2229 1692 2286 τῶν
1719 2253 1877 2305 κορυ-

276 2309 458 2384 φαίων
500 2309 629 2388 περὶ
669 2316 770 2385 τῆς
817 2310 997 2389 ἀρχῆς
1041 2311 1448 2388 πολεμεόντων.
1531 2313 1672 2374 σῦτω
1720 2315 1877 2375 οὐδὲν
1937 2366 1946 2376 .

273 2395 345 2471 ἦν
369 2395 547 2460 ἀεικὲς
573 2399 859 2475 κινηθῆναι
885 2402 1085 2475 Δῆλον
1107 2398 1175 2460 τὸ
1202 2399 1334 2476 πρὶν
1363 2404 1570 2481 ἐοῦσαν
1597 2401 1875 2478 ἀκίνητον·

275 2484 368 2542 καὶ
400 2487 460 2543 ἐν
494 2489 736 2565 χρησμῷ
764 2485 835 2562 ἦν
863 2485 1254 2567 γεγραμμένον
1284 2485 1414 2564 περὶ
1447 2487 1617 2564 αὐτῆς
1649 2486 1772 2548 ὦδε·

458 2588 657 2646 Κινήσω
690 2590 771 2637 καὶ
802 2591 976 2649 Δῆλον,
1016 2589 1237 2648 ἀκίνητόν
1268 2607 1361 2653 περ
1397 2590 1582 2640 ἐοῦσαν.

1911 2120 1941 2149 S

274 2671 501 2732 δύναται
540 2673 601 2732 δὲ
642 2673 782 2733 κατὰ
807 2673 1063 2733 Ἑλλάδα
1088 2679 1366 2754 γλῶσσαν
1391 2681 1568 2737 ταῦτα
1605 2678 1678 2738 τοὶ
1719 2678 1874 2739 οὖνό-

269 2785 438 2836 ματα,
484 2764 724 2839 Δαρεῖος
766 2762 962 2838 ἐρξίης,
1006 2762 1220 2839 Ξέρξης
1259 2762 1468 2872 ἀρήϊος,
1505 2764 1874 2844 Ἀρταξέρξης

269 2847 445 2928 μέγας
474 2847 685 2930 οἷρήῖος·
727 2848 956 2913 τούτους
980 2852 1084 2927 μὲν
1110 2850 1180 2925 δη
1205 2876 1335 2914 τους
1358 2853 1642 2927 βασιλέας
1668 2852 1838 2913 ὦδε*
1806 2881 1874 2914 αν

270 2933 447 3010 ορθῶς
488 2961 632 2998 κατα
670 2939 950 3018 γλῶσσαν
989 2936 1093 3012 τὴν
1137 2939 1422 3022 σφετέρην
1454 2938 1734 3016 Ἕλληνες
1777 2967 1871 2999 κα-

272 3021 475 3082 λέοιεν.

178 3110 251 3166 99
354 3113 426 3168 Οι
460 3111 519 3170 δὲ
550 3112 843 3192 βάρβαροι
878 3111 950 3177 ὥς
981 3112 1204 3194 α’πῇραν
1235 3119 1296 3175 ἐκ
1330 3119 1432 3191 τῆς
1463 3115 1661 3192 Δήλου
1692 3143 1870 3194 προσ·

271 3194 437 3274 ίσχον
487 3199 628 3277 πρὸς
677 3201 777 3264 τοὶς
826 3200 1052 3278 νήσους·
1094 3205 1344 3264 ἐνθεῦτεν
1383 3203 1445 3262 δὲ
1499 3203 1770 3280 στρατιήν
1805 3227 1869 3262 τε

306 3283 711 3362 ἀρελοὶμβανον
754 3289 847 3349 καὶ
886 3287 1131 3368 ὁμήρους
1171 3294 1282 3351 τῶν
1321 3290 1634 3366 νησιωτέων
1669 3288 1869 3350 παῖδας
