2259 3500
351 127 634 193 104—107]
949 129 1359 178 ΨΕΡΨΙΧΟΡΗ.
1898 131 1957 178 51

347 210 716 324 προκειμένου
741 212 886 292 αὐτῷ
913 216 968 276 ἐς
985 211 1106 287 τρὶς
1126 210 1395 271 ἑκάστοτε
1416 213 1609 270 εἰπεῖν·
1636 217 1675 246 “
1690 209 1956 280 δέσποτα,

346 301 556 376 μέμνεο
593 302 706 360 τῶν
737 297 1096 377 Ἀθηναίων.”
1127 297 1468 372 Προστάξας
1494 297 1557 357 δὲ
1580 300 1773 368 ταῦτα,
1804 298 1922 356 εἶπε
1943 301 2057 359 106

351 388 602 451 καλέσας
657 393 712 452 ἐς
765 388 897 466 ὄψιν
935 388 1207 447 Ιστιαῖον
1246 411 1347 446 τον
1400 389 1711 462 Μιλήσιον,
1755 385 1879 466 [τὸν
1930 385 1963 446 ὅ

351 479 590 552 Δαρεῖος
625 480 849 555 κατεῖχε
873 474 1082 554 χρόνον
1105 473 1218 549 ἤδη
1241 473 1506 554 πολλόν]
1544 482 1580 510 “
1596 473 1963 551 πυνθάνομαι,

349 562 642 634 Ἱστιαῖε,’
616 565 918 642 επίτροπον
936 588 1037 624 τον
1055 561 1167 622 σόν
1187 565 1265 640 τῷ
1282 561 1357 621 σι)
1378 562 1644 637 Μίλητον
1658 562 1965 639 ἐπέτρεψας

351 651 588 730 νεώτερα
623 657 680 716 ἐς
710 655 810 730 ἐμε
839 652 1203 762 πεποιηκέναι
1241 648 1569 730 πρήγματα·
1616 648 1820 727 ἄνδρας
1852 650 1963 731 γάρ

349 764 449 815 μοι
476 743 537 800 ἐκ
562 743 665 816 τῆς
693 740 882 818 ἑτέρης
911 739 1147 815 ἠπείρου
1176 735 1491 818 ἐπαγαγων,
1522 737 1613 796 καὶ
1628 735 1827 800 Ἴωνας
1858 763 1965 798 συν

353 825 804 898 αὖτοῖσι,--τοῦς
824 829 1161 890 ὃῶσοντας’
1134 826 1261 902 εμοὶ
1286 825 1445 900 δίκην
1462 828 1573 884 τῶν
1592 826 1965 900 ἐποίησαν,---

351 913 580 990 τούτους
596 915 921 996 ἀναγνώσας
937 914 1056 992 ἅμα
1075 915 1337 973 ἐκείνοισι
1358 913 1612 984 ἔπεσθαι,
1631 913 1879 989 Σαρδίων
1891 940 1963 990 με

352 1000 720 1081 ἀπεστέρηκε·
783 1009 880 1065 νῦν
913 1003 988 1064 ὧν
1031 1007 1138 1065 κῶς
1176 1027 1265 1061 τοι
1303 999 1563 1075 φαίνεται
1603 1005 1779 1062 ταῦτα
1820 1003 1966 1081 ἔχειν

353 1093 560 1160 namn
606 1095 712 1154 κῶς
738 1090 850 1150 δ’*
791 1117 942 1201 εἀνευ
967 1095 1077 1151 τῶν
1117 1094 1239 1160 σῶν
1277 1087 1682 1200 βουλευμάτων
1711 1089 1963 1150 τοιοῦτόν

351 1201 406 1236 τι
453 1178 734 1257 ἐπρήχθη;
785 1178 890 1256 ὅρα
927 1203 1010 1256 μη
1054 1177 1117 1247 ἐξ
1154 1176 1393 1253 υστέρης
1431 1202 1677 1237 σεωυτον
1718 1181 1777 1236 ἐν
1816 1179 1964 1257 αιτίῃ

1332 1268 1359 1284 Α

353 1263 552 1343 σχῇς.”
591 1266 713 1326 εἶπε
731 1268 874 1345 πρὸς
891 1271 1068 1326 ταῦτα
1093 1292 1127 1325 ο
1151 1264 1436 1328 Ἱστιαιος·
1465 1275 1501 1300 “
1515 1266 1785 1341 βασιλεῦ,
1810 1270 1965 1326 κοῖον

353 1353 636 1433 ἐφθέγξαο
657 1355 813 1418 ἔπος·
799 1398 814 1424 ,
845 1356 944 1431 ἐμὲ
963 1355 1285 1430 βουλεῦσαι
1304 1356 1557 1432 πρῆγμα,
1578 1357 1639 1413 ἐκ
1658 1357 1759 1412 τοῦ
1786 1354 1888 1413 σοί
1906 1379 1965 1415 τι

351 1436 388 1513 ἢ
413 1441 564 1524 μέγα
587 1439 624 1516 ἢ
652 1442 894 1519 σμικρὰν
921 1443 1126 1519 ἔμελλε
1148 1440 1403 1518 λυπηρόν
1422 1440 1805 1521 ἀνασχήσειν;
1831 1443 1893 1500 τί
1914 1442 1961 1501 δ’

355 1525 423 1585 ἂν
453 1529 838 1605 ’ἐπιδιζήμενος
870 1530 1116 1607 ποιέοιμι
1147 1533 1347 1598 vaih-23
1404 1533 1499 1588 τεῦ
1533 1529 1593 1588 δὲ
1626 1530 1810 1605 ἐνδεής
1844 1530 1961 1601 ε’ὢν,

354 1618 434 1692 τῷ
457 1615 614 1692 πάρα
632 1619 734 1694 μὲν
759 1615 942 1678 πάντα
961 1616 1076 1677 Ιὅσα
1099 1642 1209 1695 περ
1236 1617 1351 1686 σοὶ,
1378 1616 1599 1676 πάντων
1620 1617 1679 1676 δὲ
1698 1617 1839 1694 πρὸς
1860 1619 1963 1678 σέο

355 1704 762 1781 βουλευμάτων
805 1704 1094 1767 ἐπακούειν
1138 1705 1393 1781 α’,ξιεῧμαι
1414 1729 1429 1773 ;
1490 1702 1620 1763 ἀλλ’
1666 1705 1717 1763 εἴ
1759 1730 1865 1782 περ
1907 1731 1964 1766 τι

353 1796 612 1853 τοιοῦτον
644 1793 766 1853 οἷον
795 1794 872 1853 σι)
906 1795 1128 1872 εἴρηκας
1152 1794 1403 1872 πρήσσει
1430 1792 1462 1853 ὅ
1490 1793 1621 1869 ἐμός
1648 1793 1963 1868 ἐπίτροπος,

356 1880 478 1942 ἴσθι
491 1880 660 1941 αὔτόν
679 1882 765 1942 ἐπ’
782 1886 985 1943 {nnn-01⁶3
999 1883 1368 1959 βαλλόμενον
1380 1881 1743 1960 πεπρηχέναι·
1784 1880 1965 1960 ἀρχὴν

355 1968 415 2027 δὲ
442 1970 614 2051 ἔγωγε
641 1970 767 2031 οὐδὲ
793 1972 1083 2049 ἐνδέκομαι
1107 1971 1208 2032 τᾶν
1234 1968 1427 2051 λόγον,
1450 1968 1589 2032 ὅκως
1604 1994 1661 2028 τι
1680 1968 1964 2045 Μιλήσιοι

357 2056 450 2117 καὶ
475 2057 509 2117 ὅ
535 2058 668 2135 ἐμὰς
687 2060 984 2136 ἐπίτροπος
1003 2058 1269 2136 νεώτερον
1288 2057 1621 2135 πρήσσουσι
1639 2058 1769 2135 περὶ
1786 2057 1963 2139 πρήγ-

353 2171 506 2221 ματα
530 2146 604 2206 τὰ
629 2147 726 2207 σά·
771 2150 820 2205 εἰ
845 2146 892 2205 δ’
920 2145 1030 2224 ἄρα
1065 2172 1120 2205 τι
1154 2148 1379 2206 τοιοῦτο
1405 2148 1649 2215 ποιεῦσι,
1678 2146 1770 2204 καὶ
1798 2146 1871 2205 σι)
1896 2146 1963 2206 r&

355 2234 446 2294 ἐὰν
475 2234 734 2310 ἀκήκοας,
765 2234 808 2293 ὦ
831 2236 1101 2310 βασιλεῦ,
1129 2233 1277 2311 μάθε
1304 2234 1422 2293 οἷον
1446 2237 1682 2313 πρῆγμα
1716 2234 1963 2314 ἐργάσαο

355 2323 454 2397 ἐμὲ
479 2320 594 2381 ἀπὸ
624 2321 925 2397 θαλάσσης
953 2321 1325 2383 ἀνάσπαστον
1350 2321 1612 2397 ποιήσας·
1643 2320 1830 2383 Ἴωνες
1852 2322 1965 2401 γὰρ

356 2408 564 2477 οἴκασι,
606 2412 738 2483 ἐμεῦ
779 2408 843 2477 ἐξ
880 2406 1198 2487 ὀφθαλμῶν
1234 2415 1347 2485 σφι
1372 2409 1692 2489 γενομένου,
1724 2412 1965 2483 ποιῆσαι

353 2497 466 2554 τῶν
489 2494 670 2553 πάλαι
707 2495 900 2573 ἵμερον
937 2496 1110 2576 εἶχον·
1152 2497 1285 2574 ἐμέο
1312 2496 1357 2555 δ’
1384 2494 1452 2555 ἂν
1488 2494 1675 2559 ἐόντος
1702 2501 1759 2555 ἐν
1784 2495 1964 2575 Ἰωνίῃ

357 2580 586 2658 οὐδεμία
621 2582 787 2647 πόλις
817 2582 1139 2659 ὑπεκίνησε·
1182 2587 1278 2645 νῦν
1314 2583 1390 2643 ὧν
1418 2584 1489 2647 ὦς
1523 2583 1699 2663 τάχος
1722 2610 1795 2661 με
1823 2583 1965 2659 ἄφες

353 2670 696 2747 πορευθῆναι
722 2676 777 2735 ἐς
800 2671 1029 2748 Ἰωνίην,
1065 2672 1155 2732 ἵνα
1193 2698 1283 2732 τοι
1323 2671 1477 2733 κεῖνοί
1515 2696 1579 2733 τε
1614 2671 1797 2732 πάντα
1835 2698 1962 2732 κατ-

355 2757 570 2834 αρτίσω
595 2763 650 2821 ἐς
673 2757 870 2829 τῶυτό,
899 2760 992 2817 καὶ
1014 2758 1116 2819 τὸν
1143 2760 1407 2836 Μιλήτου
1436 2760 1739 2837 ἐπίτροπον
1763 2763 1965 2819 τοῦτον

354 2843 458 2905 τόν
473 2848 650 2905 ταῦτα
667 2845 1145 2925 μηχανησάμενον
1164 2848 1537 2929 ἐγχειρίθετον
1555 2848 1803 2925 παραδῶ·
1832 2850 1960 2905 ταΰ-

353 2958 428 2993 τα
469 2932 530 2991 δὲ
571 2934 712 2993 κατὰ
750 2934 882 2995 νόον
918 2934 1018 2995 τᾶν
1057 2934 1169 2997 σόν
1199 2935 1459 3011 ποιήσας,
1500 2935 1657 2999 θεοὺς
1690 2933 1964 3011 ἐπόμνυμι

354 3020 486 3084 τούς
527 3022 886 3098 βασιληίους,
911 3022 994 3100 μή
1026 3026 1131 3099 μὲν
1165 3021 1438 3101 πρότερον
1480 3021 1827 3082 ἐκδύσασθαι
1865 3022 1965 3082 τᾶν

358 3108 499 3186 ἔχων
540 3110 744 3173 κιθῶνα
787 3110 1191 3189 καταβήσομαι
1232 3116 1285 3173 ἐς
1324 3110 1553 3184 Ἰωνίην,
1596 3110 1727 3185 πρὶν
1768 3107 1837 3166 ἅν
1874 3133 1965 3168 τοι

358 3196 556 3275 Σαρδώ
595 3200 775 3274 νῆσον
813 3197 917 3273 τὴν
956 3200 1232 3279 μεγίστην
1272 3196 1643 3277 δασμοφόρον
1690 3194 1964 3271 ποιήσω.”

353 3282 622 3351 Ἱστιαῖος
645 3286 752 3364 μὲν
776 3284 846 3361 δὴ
871 3287 1052 3367 λέγων
1074 3289 1255 3349 ταῦτα
1279 3284 1573 3361 διέβαλλε·
1601 3286 1838 3360 Δαρεῖος
1863 3284 1923 3343 δὲ
1942 3284 2053 3345 10¹⁷
