2259 3500
375 147 654 212 113--119]
976 143 1383 194 ΤΕΡΨῙΧΟΡΗ.
1906 141 1970 190 55

367 218 682 307 ρῦσσοντες
729 226 826 288 τό
846 229 1032 306 τεῖχος
1069 225 1305 305 πέμπτω
1344 223 1481 302 μηνὶ
1525 221 1679 284 εἶλον
1730 222 1789 282 οἱ
1836 222 1987 300 Πέρ-

370 333 494 369 σαι.

454 394 700 472 Κύπριοι
741 395 846 471 μὲν
887 393 972 468 δη,
1017 392 1266 453 ἐνιαυτόν
1309 391 1589 469 ἐλεύθεροι
1622 390 1927 472 γενόμενοι,
1947 389 2063 450 116

371 483 527 548 αὖτις
567 488 628 542 ἐκ
664 483 790 558 νέης
824 478 1313 540 κατεδεδούλωντο.
1397 479 1685 557 Δαυρίσης
1724 479 1857 538 δὲ*
1828 503 1967 557 εχων

374 571 616 648 Δαρείου
655 569 949 650 θυγατέρα,
991 567 1083 626 καὶ
1121 565 1327 644 Ὑμέης
1366 593 1429 627 τε
1466 568 1559 626 καὶ
1597 565 1837 643 Ὀτάνης
1873 567 1969 625 καὶ

371 657 544 718 ἄλλοι
572 659 798 735 Πέρσαι
827 655 1137 737 στρατηγοὶ
1172 655 1391 735 ἔχοντες
1421 655 1515 716 καὶ
1540 654 1695 716 οὗτοι
1727 656 1967 732 Δαρείου

369 747 695 827 θυγατέρας,
717 743 1096 815 ἐπιδιώξαντες
1121 769 1251 807 τους
1274 747 1333 803 ἐν
1358 741 1597 820 Σάρδισι
1621 768 1967 821 στρατευσα-

369 834 570 910 μένους
602 831 812 903 Ἰώνων,
852 832 942 892 καὶ
984 831 1353 909 ἐσαράξαντές
1388 837 1572 907 σφεας
1614 836 1671 894 ἐς
1707 831 1807 895 τοὶς
1842 832 1969 896 νέας

370 925 446 1000 τῇ
480 921 639 1000 μάχῃ
664 920 736 986 ὦς
763 920 1165 998 ἐπεκράτησαν,
1191 946 1257 980 το
1286 921 1534 980 ἐνθεῦτεν
1566 919 1968 1030 ἐπιδιελόμενοι

371 1010 473 1074 τας
512 1010 678 1074 πόλις
725 1009 1010 1087 ἐπόρθεον.
1099 1009 1387 1086 Δαυρίσης
1435 1010 1539 1085 μὲν
1581 1007 1927 1086 τραπόμενος
1946 1009 2058 1076 117

370 1124 513 1175 προς
530 1124 631 1162 τας
655 1104 714 1158 ἐν
738 1097 1151 1176 Ἑλλησπόντῳ
1175 1096 1358 1167 πόλις,
1388 1097 1504 1156 εἷλε
1528 1121 1633 1173 μεν
1656 1095 2019 1174 Δάρδανον,

373 1185 489 1246 εἷλε
516 1187 575 1246 δε
589 1184 846 1263 Ἀβυδόν
868 1211 932 1246 τε
958 1185 1052 1245 καὶ
1077 1183 1381 1263 Περκώτην
1406 1209 1497 1244 και
1520 1183 1837 1262 Λάμψακον
1872 1185 1965 1244 καὶ

376 1273 620 1335 Παισόν·
659 1273 864 1338 ταύτας
890 1275 996 1351 μὲν
1023 1271 1108 1332 ἐπ’
1136 1271 1346 1350 ἡμέρης
1377 1271 1619 1348 ἑκάστης
1642 1272 1810 1350 αἵρεε·
1851 1272 1965 1332 ‹in-0⁸·

373 1361 434 1420 δὲ
461 1366 688 1424 Παισοῦ
716 1361 1008 1422 ἐλαύνοντί
1046 1363 1100 1420 οἶ
1140 1361 1233 1420 ἐπὶ
1260 1359 1477 1436 Πάριον
1502 1359 1672 1421 πόλιν
1694 1359 1839 1437 ἦλθε
1864 1359 1963 1442 ἆγ-

375 1451 555 1529 γελίη,
584 1450 712 1513 τοῦς
737 1453 934 1527 Κᾶρας
967 1446 1147 1509 τώυτὸ
1168 1446 1334 1508 Ἴωσι
1360 1447 1756 1525 φρονήσαντας
1788 1448 1964 1510 ἀπεσ-

375 1536 536 1596 τάναι
561 1536 673 1596 οἷπό
693 1537 978 1612 Περσέων·
1019 1535 1385 1613 ἀποστρέψας
1404 1534 1477 1596 ὧν
1504 1541 1565 1598 ἐκ
1589 1540 1690 1596 τοῦ
1714 1536 1963 1612 Ἑλλησο

377 1623 586 1683 πόντου
613 1621 819 1698 ἤλαυνε
849 1622 948 1684 τὸν
980 1623 1227 1699 στρατόν
1260 1623 1351 1682 ἐπὶ
1375 1622 1481 1698 τὴν
1505 1625 1739 1700 Καρίην.
1804 1626 1926 1684 Καί
1945 1626 2059 1684 118

378 1736 488 1775 κως
507 1712 682 1771 ταῦτα
705 1712 858 1772 τοῖσι
882 1711 1075 1788 Καρσὶ
1101 1711 1417 1793 ἐξαγγέλθη
1446 1711 1719 1789 πρότερον
1758 1711 1889 1787 πρὶν
1926 1710 1967 1788 ἢ

375 1798 475 1861 τόν
517 1799 808 1876 Δαυρίσην
854 1799 1172 1861 ἀπικέσθαι·
1212 1797 1518 1876 πυθόμενοι
1562 1799 1621 1859 δὲ
1667 1801 1721 1859 οἱ
1762 1802 1965 1876 Κᾶρες,

376 1887 742 1968 συνελέγοντο
779 1886 870 1945 ἐπὶ
894 1885 1110 1951 Λευκάς
1138 1912 1203 1947 τε
1230 1885 1453 1963 Στήλας
1493 1887 1831 1963 καλεομένας
1873 1887 1967 1947 καὶ

375 1974 628 2053 ποταμόν
652 1972 953 2052 Μαρσύην·
993 1974 1057 2039 ὃς
1079 1975 1217 2052 ῥέων
1252 1980 1315 2035 ἐκ
1348 1979 1451 2051 τῆς
1478 1974 1745 2054 Ἰδριάδος
1782 1974 1967 2055 χώρης

375 2066 432 2125 ἐς
475 2062 574 2123 τόν
625 2062 949 2138 Μαίανδρον
1001 2062 1223 2122 ἐκδιδοῖ·
1274 2064 1700 2143 συλλεχθέντων
1752 2064 1812 2123 δὲ
1856 2068 1969 2125 τῶν

378 2154 580 2228 Καρῶν
618 2151 870 2219 ἐνθαῦτα,
905 2149 1155 2230 ἐγίνοντο
1188 2152 1401 2226 βουλαὶ
1443 2150 1619 2211 ἄλλαι
1646 2178 1709 2213 τε
1748 2153 1963 2212 πολλαὶ

377 2239 468 2297 καὶ
509 2237 716 2316 ἀρίστη
746 2263 813 2318 γε
851 2237 1126 2297 δοκέουσα
1169 2230 1325 2299 εἶναι’
1342 2240 1468 2316 ἐμοὶ
1500 2240 1827 2318 Πιξωδάρου
1864 2244 1968 2301 τοῦ

376 2324 721 2395 Μαυσώλου,
753 2323 952 2401 σ’,νδρός
979 2324 1261 2395 Κινδυέος,
1288 2324 1351 2390 ὃς
1380 2329 1481 2386 τοΰ
1510 2328 1759 2389 Κιλίκων
1791 2330 1964 2404 βασι-

374 2414 507 2477 λέος
534 2413 856 2477 Συεννέσιος
899 2412 1013 2492 εἶχε
1055 2414 1351 2495 θυγατέρα·
1391 2414 1593 2475 τούτου
1630 2420 1731 2475 τοῦ
1772 2415 1970 2494 ἀνδρός

373 2500 414 2577 ἦ
431 2499 632 2583 γνώμη
671 2501 852 2577 ἔφερε,
881 2501 1185 2578 διαβάντας
1214 2501 1317 2569 τόν,
1342 2503 1665 2580 Μαίανδρον
1695 2502 1824 2568 τούς
1850 2507 1967 2563 Κᾶ-

372 2614 475 2665 ρας
501 2589 595 2650 καὶ
619 2588 760 2650 κατοῖ
787 2587 962 2655 νώτου
989 2592 1219 2669 ἔχοντας
1236 2590 1341 2651 τόν
1365 2590 1623 2669 ποταμόν
1648 2591 1789 2652 οὕτω
1824 2618 1967 2668 συμ-

372 2677 636 2752 βάλλειν,
679 2677 767 2738 ἵνα
806 2676 889 2754 μη
934 2677 1152 2757 ἔχοντες
1186 2678 1370 2739 ὀπίσω
1416 2678 1643 2761 φεύγειν
1686 2682 1741 2739 οἱ
1783 2684 1970 2756 Κᾶρες

374 2764 543 2824 αὐτοῦ
584 2790 646 2838 ἰε
690 2765 875 2842 μένειν
915 2764 1353 2847 ἀναγκαζόμενοι
1393 2768 1649 2849 γενοίατο
1695 2768 1776 2827 ἔτι
1817 2766 1969 2843 ἀμεί-

375 2874 527 2915 νονες
549 2856 651 2928 τῆς
677 2853 905 2929 φύσιος.
973 2853 1111 2930 αὕτη
1138 2856 1243 2931 μέν
1266 2881 1363 2916 νυν
1389 2854 1491 2915 οὐκ
1518 2857 1669 2915 ἐνίκα
1692 2854 1731 2930 ἦ
1754 2852 1965 2934 γνώμη,

374 2937 530 2999 ἀλλὰ
568 2945 722 3002 τοῖσι
747 2940 1015 3019 Πέρσῃσι
1043 2942 1183 3003 κατὰ
1210 2942 1383 3003 νώτου
1408 2943 1665 3025 γίνεσθαι
1694 2941 1795 3002 τὸν
1822 2943 1969 3001 Μαί-

373 3027 574 3105 ανδρον
596 3032 825 3105 μᾶλλον
849 3027 890 3105 ἢ
913 3031 1108 3105 σφίσι·
1151 3031 1381 3107 δηλαδὴ,
1410 3030 1480 3107 ἢν
1506 3030 1661 3111 φυγὴ
1686 3032 1795 3089 τῶν
1822 3034 1968 3105 Περ-

373 3115 518 3175 σέων
555 3118 784 3197 γένηται
822 3117 914 3175 καὶ
961 3119 1287 3179 ἑσσωθέωσι
1326 3123 1401 3197 τῇ
1437 3120 1727 3195 συμβολῇ,
1762 3115 1831 3179 ὥς
1868 3116 1967 3175 οὔκ

372 3201 840 3279 ἀπονοστήσουσι
867 3209 921 3267 ἐς
935 3206 1034 3265 τὸν
1059 3209 1314 3284 ποταμόν
1331 3208 1711 3267 ἐσπίπτοντες.
1764 3203 1929 3264 Mero}
1948 3206 2061 3264 119

371 3288 448 3361 δὲ,
492 3290 810 3369 παρεόντων
853 3292 944 3350 καὶ
989 3294 1307 3371 διαβάντων
1351 3293 1451 3354 τόν
1492 3292 1816 3369 Μαίανδρον
1856 3295 1969 3354 τῶν
