2259 3500
319 144 416 191 202
933 140 1303 190 ·11P0Aomo¹r
1760 139 1909 204 [vn.

310 224 646 298 Λ“αφυσ·τίου
666 221 822 284 Διός·
865 220 936 284 ὥς
953 220 1208 298 Ἀθάμας
1225 221 1257 281 ὁ
1279 219 1493 281 Αἰόλου
1514 221 1914 300 ἐμηχανήσατο
1940 234 1950 245 ‘

311 310 491 388 Φρίξῳ
543 309 734 385 μόρον,
779 308 888 370 σῦν
924 306 1062 369 Ἰνοῖ
1097 309 1443 386 βουλεύσας·
1498 310 1795 385 μετέπειτα
1837 310 1911 384 δὲ,

313 398 383 460 ὥς
423 402 484 457 ἐκ
527 398 862 475 θεοπροπίου
893 395 1116 477 Ἀχαιοὶ
1155 398 1472 474 προτιθεῖσι
1511 401 1665 457 τοῖσι
1708 397 1917 458 ἐκείνου

311 486 645 566 ἀπογόνοισι
686 482 922 549 οἷέθλους
961 485 1238 545 τοιούσδε·
1294 485 1355 547 ὃς
1394 482 1463 544 ἂν
1501 482 1540 563 ᾗ
1577 489 1680 545 τοῦ
1729 486 1917 565 γένεος

311 574 510 634 τούτου
563 571 972 650 πρεσβύτατος,
1019 572 1197 653 τούτῳ
1252 573 1606 642 ἐπιτάξαντες
1653 574 1916 654 ἔργεσθαι

311 666 410 721 τοῦ
451 662 801 739 πρυτανηίου,
848 660 1006 721 αὗτοὶ
1042 660 1301 738 φυλακὰς
1341 662 1555 739 ἔχουσι·
1599 660 1817 737 (λήῖτον
1856 662 1919 721 δὲ

317 750 586 809 καλέουσι
617 749 684 809 vd
721 748 1058 827 πρυτανήϊον
1091 752 1145 808 οἱ
1169 748 1436 828 Ἀχαιοί·)
1464 745 1548 825 ’ἢν
1588 748 1647 807 δὲ
1688 749 1911 828 ἐσέλθῃ,

318 836 418 897 οὐκ
446 838 567 897 ἔστι
595 836 732 901 ὅκως
760 837 932 906 ἔξεισι
962 837 1094 914 πρὶν
1119 836 1157 913 ἢ
1186 836 1463 897 θύσεσθαι
1486 838 1695 914 μέλλῃ·
1752 835 1822 900 ὦς
1856 862 1919 898 τε

316 927 395 986 ἔτι
421 925 563 1004 πρός
592 924 861 994 τούτοισι,
889 925 1103 985 πολλοὶ
1142 924 1249 1000 ἥδη
1288 929 1399 984 τῶν
1434 922 1759 1001 μελλόντων
1793 925 1917 985 τού-

312 1041 420 1074 των
473 1014 764 1086 θύσεσθαι,
824 1013 1121 1083 δείσαντες,
1179 1014 1402 1091 οἴχοντο
1466 1011 1804 1089 ἀποδράντες
1863 1019 1919 1076 ἐς

317 1101 501 1177 ἄλλην
543 1101 749 1179 χώρην·
801 1100 1004 1178 χρόνου
1054 1100 1114 1159 δὲ
1156 1100 1447 1176 προϊόντος
1496 1099 1679 1161 ὀπίσω
1722 1104 1917 1160 κατελ-

317 1189 520 1262 θόντες,
548 1185 619 1265 ἢν
654 1187 996 1247 ἁλίσκωνται
1031 1186 1362 1250 ἐσελθόντες
1389 1192 1444 1251 ἐς
1468 1186 1537 1247 τὰ
1564 1188 1916 1264 πρυτανήῖον,

315 1276 387 1339 ὥς
427 1275 622 1336 θύεταί
656 1301 734 1344 τε,
778 1276 1087 1355 ἐξηγέοντο,
1129 1274 1421 1352 στέμμασι
1461 1280 1573 1338 πᾶς
1610 1276 1919 1342 πυκασθεὶς

318 1364 411 1422 καὶ
449 1364 519 1427 ὥς
553 1364 661 1423 σῦν
695 1366 898 1441 πομπῇ
933 1363 1205 1442 ἐξαχθείς·
1246 1368 1421 1423 ταῦτα
1449 1364 1509 1422 δὲ
1541 1363 1833 1442 πάσχουσι
1864 1368 1919 1423 οἱ

315 1451 691 1529 Κυτισσώρου
743 1455 844 1510 τοῦ
915 1451 1120 1528 Φρίξου
1175 1451 1371 1514 παιδὸς
1437 1450 1725 1533 ἀπόγονοι,
1780 1450 1916 1512 διότι

317 1539 602 1616 καθαρμόν
646 1544 747 1615 τῆς
786 1538 972 1618 χώρης
1019 1541 1357 1616 ποιευμένων
1407 1538 1651 1619 Ἀχαιῶν
1696 1544 1756 1598 ἐκ
1801 1540 1917 1599 θεο-

305 1629 556 1705 προπίου
581 1628 906 1704 Ἀθάμαντα
945 1626 1045 1688 τὸν
1071 1627 1299 1701 Αἰόλου,
1336 1626 1428 1685 καὶ
1466 1626 1790 1703 μελλόντων
1824 1654 1920 1704 μιν

317 1716 481 1785 θύειν,
510 1715 840 1793 ἀπικόμενος
874 1714 1036 1780 οὗτος
1072 1715 1103 1776 ὁ
1144 1716 1513 1794 Κυτίσσωρος
1554 1714 1616 1784 ἐξ
1645 1716 1785 1792 Αἴης
1820 1720 1921 1792 τῆς

319 1805 606 1884 Κολχίδος
645 1804 939 1882 ἐρρύσατο·
1002 1803 1247 1879 ποιήσας
1288 1803 1347 1862 δὲ
1386 1808 1565 1877 τοῦτο,
1611 1807 1764 1863 τοῖσι
1807 1810 1919 1862 ἐπι-

319 1895 672 1972 γενομένοισι
727 1892 788 1960 ἐξ
841 1896 1041 1950 ἑωυτοῦ
1095 1896 1263 1967 μῆνιν
1322 1896 1422 1950 τοῦ
1482 1892 1610 1951 θεοῦ
1664 1893 1917 1968 ἐνέβαλε.

319 1982 531 2056 Ξέρξης
595 1981 654 2038 δὲ
712 1984 891 2039 ταῦτα
953 1979 1216 2048 οἰκούσας,
1282 1980 1351 2042 ὦς
1414 1979 1554 2039 κατὰ
1610 1979 1679 2040 τό
1741 1979 1923 2043 ἅλσος

321 2069 551 2146 ἐγένετο,
583 2066 748 2128 αύτός
773 2092 834 2124 τε
863 2069 1053 2146 ἔργετο
1081 2066 1249 2126 αὐτοῦ
1278 2068 1369 2125 καὶ
1394 2072 1466 2146 τῇ
1494 2071 1733 2146 στρατιῇ
1760 2066 1921 2146 πάσῃ

321 2154 680 2234 παρήγγειλε·
713 2158 823 2213 τῶν
840 2179 903 2213 τε
921 2153 1271 2230 Ἀθάμαντος
1292 2154 1583 2236 ἀπογόνων
1607 2155 1713 2230 τὴν
1739 2155 1919 2231 οἰκίην

321 2239 522 2317 ὁμοίως
548 2241 638 2299 καὶ
662 2241 728 2300 τὸ
756 2242 982 2317 τέμενος
1009 2242 1267 2318 ἐσέβετο.

230 2331 343 2387 198
443 2332 628 2387 Ταῦτα
669 2332 772 2406 μὲν
813 2329 884 2389 τὰ
917 2335 974 2389 ἐν
1017 2333 1316 2408 Θεσσαλίῃ
1352 2332 1442 2389 καὶ
1472 2331 1542 2390 τὰ
1576 2336 1631 2390 ἐν
1665 2331 1909 2411 Ἀχαιίῃ·

321 2415 433 2475 <ind
471 2416 530 2475 δὲ
565 2416 772 2477 τούτων
806 2423 916 2478 τῶν
949 2418 1145 2497 χώρων
1170 2417 1257 2494 ἤϊε
1285 2424 1338 2481 ἐς
1363 2418 1467 2494 τήν
1503 2419 1737 2494 Μηλίδα
1761 2419 1918 2496 παραῖ

323 2503 535 2563 κόλπον
572 2504 886 2581 θαλάσσης,
925 2511 982 2565 ἐν
1017 2510 1094 2585 τῷ
1129 2504 1377 2581 ἄμπωτίς
1401 2531 1464 2565 τε
1492 2507 1582 2564 καὶ
1608 2507 1778 2585 ῥηχίη
1814 2505 1920 2566 «ivd

322 2595 514 2652 πᾶσαν
551 2592 765 2671 ἡμέρην
795 2594 1023 2673 γίνεται·
1078 2593 1207 2670 περὶ
1242 2593 1301 2652 δὲ
1336 2593 1437 2653 τόν
1474 2594 1687 2653 κόλπον
1723 2593 1925 2653 τοῦτόν

323 2685 446 2740 ἐστι
480 2685 661 2759 χῶρος
695 2673 928 2750 πεδιῦὂς,
966 2685 1038 2760 τῇ
1071 2684 1176 2758 μὲν
1212 2680 1385 2758 εύρῦς,
1413 2688 1486 2761 τῇ
1518 2683 1577 2741 δὲ
1615 2683 1707 2740 καὶ
1743 2681 1916 2757 κάρτα

323 2769 558 2832 στεινός·
600 2770 727 2847 περὶ
761 2769 820 2828 δὲ
849 2768 948 2828 τόν
983 2773 1166 2848 χῶρον
1194 2767 1358 2846 οὔρεα
1384 2769 1578 2848 ύψηλδ.
1607 2770 1699 2827 καὶ
1726 2767 1917 2844 ἄβατα

325 2857 632 2933 περικληίει
658 2859 852 2916 πᾶσαν
877 2855 980 2931 τὴν
1002 2857 1234 2931 Μηλίδα
1260 2861 1383 2937 γῆν,
1409 2859 1697 2936 Τρηχίνιαι
1725 2857 1923 2932 πέτραι

325 2944 672 3020 καλεόμεναι.
739 2943 929 3021 πρώτη
954 2945 1058 3021 μέν
1077 2969 1173 3003 νυν
1200 2943 1365 3006 πόλις
1394 2946 1516 3004 ἐστὶ
1545 2951 1603 3005 ἐν
1628 2947 1705 3022 τῷ
1732 2942 1924 3022 κόλπῳ

327 3029 462 3090 ἰόντι
515 3031 624 3091 οἷπό
677 3031 944 3111 Ἀχαιίης,
1000 3031 1313 3108 Ἀντικύρη·
1377 3033 1507 3110 παρ’
1553 3032 1623 3108 ἣν
1671 3029 1926 3106 ποταμός

325 3118 638 3197 Σπερχήῖος
677 3122 814 3196 ῥέων
861 3120 923 3189 ἐξ
959 3118 1223 3194 Ἐνιήνων
1265 3125 1319 3183 ἐς
1360 3119 1664 3180 θάλασσαν
1704 3117 1925 3177 ἐκδιδοῖ·

325 3202 436 3263 ‹in-<3
480 3206 540 3264 δὲ
585 3208 800 3279 τούτου,
843 3207 934 3267 διὰ
977 3208 1162 3267 εἴκοσι’
1183 3234 1283 3267 κου
1324 3208 1578 3276 σταδίων,
1615 3206 1792 3268 ἄλλος
1824 3229 1923 3262 πο-

325 3291 516 3364 ταμός,
551 3297 629 3371 τῷ
665 3294 876 3371 οὕνομα
912 3298 1086 3355 κεῖται
1124 3294 1331 3372 Δύρας,
1370 3294 1469 3354 τόν
1503 3294 1819 3369 βοηθέοντα
1850 3293 1931 3369 τῷ
