2259 3500
321 144 418 196 312
929 131 1311 190 ἮΡοΔοτοΤ·
1794 142 1931 207 [IX.

323 222 504 299 φόνου
548 226 650 283 τοῦ
702 220 1002 292 Λεωνίδεω,
1051 219 1195 280 κατὰ
1245 218 1315 280 τό
1366 221 1728 299 χρηστήριον,
1774 227 1937 284 τοῖσι

324 310 712 388 Σπαρτιήτῃσι
756 315 816 368 ἐκ
858 309 1181 387 Μαρδονίου
1234 309 1568 369 ἐπιτελέετο·
1633 310 1725 369 καὶ
1772 311 1935 388 νίκην

321 397 630 475 ἀναιρέεται
656 398 972 474 καλλίστην
999 397 1263 457 ἁπασέων
1288 402 1399 456 τῶν
1416 396 1577 473 ἡμεῖς
1596 398 1753 475 ἴδμεν
1774 405 1931 472 Παυ-

321 486 518 562 σανίης
558 485 590 546 ὁ
639 484 1054 563 Κλεομβρότου
1094 490 1196 546 τοῦ
1234 485 1686 562 Ἀναξανδρίδεω·
1726 490 1838 547 τῶν
1868 487 1935 546 δὲ

321 573 633 650 κατύπερθέ
663 576 718 633 οἱ
747 572 1038 654 προγόνων
1061 572 1134 634 τὰ
1160 572 1441 649 οὐνόματα
1462 574 1673 650 εἴρηται
1700 579 1755 637 ἐς
1778 580 1933 634 Λεω-

319 661 492 738 νίδην·
535 660 700 722 &drot
739 661 848 742 γάρ
891 667 1004 736 σφι
1043 660 1389 741 τυγχάνουσι
1416 660 1614 724 ἐόντες.
1683 659 1931 740 ἀποθνή-

321 775 446 810 σκει
463 749 522 808 δὲ
539 748 855 827 Μαρδόνιος
869 747 979 808 find
994 746 1384 825 Ἀειμνήστου,
1402 747 1599 825 ἀνδρὸς
1616 753 1674 808 ἐν
1692 749 1932 828 Σπάρτῃ

321 838 582 920 λογίμου·
637 837 699 900 ὃς
734 835 918 916 χρόνῳ
953 834 1192 913 ὕστερον
1230 835 1375 913 μετὰ
1407 833 1480 895 τοὶ
1522 835 1749 912 Μηδικαὶ
1785 838 1932 916 ἔχων

321 925 523 1005 ἄνδρας
547 925 900 1004 τριηκοσίους
939 926 1226 1000 συνέβαλε
1254 930 1313 984 ἐν
1347 923 1727 1003 Στενυκλήρῳ,
1756 927 1931 985 πολέ-

321 1041 430 1092 μου
459 1014 658 1086 ἐόντος,
691 1013 1078 1089 Μεσσηνίοισι
1098 1016 1264 1072 πᾶσι·
1300 1012 1392 1070 καὶ
1419 1010 1585 1074 αὐτός
1603 1036 1664 1071 τε
1684 1011 1932 1073 ἀπέθανε

227 1104 302 1160 65
322 1103 414 1160 καὶ
451 1105 504 1160 οἱ
539 1100 870 1176 τριηκόσιοι.
953 1097 1052 1159 Ἑν
1077 1099 1138 1157 δὲ
1164 1102 1496 1178 Πλαταιῇσι
1523 1102 1576 1158 οἱ
1605 1099 1828 1176 Πέρσαι
1858 1099 1933 1164 ὦς

321 1188 626 1264 ἐτράποντο
663 1186 773 1246 15πό
807 1191 916 1246 τῶν
957 1187 1425 1263 Λακεδαιμονίων,
1460 1187 1699 1268 ἔφευγον
1731 1187 1931 1248 οὐδένα,

321 1275 536 1350 κόσμον
583 1280 638 1337 ἐς
680 1274 748 1334 τό
797 1273 1178 1350 στρατόπεδον
1223 1273 1289 1334 τὸ
1342 1278 1564 1348 ἑωυτῶν,
1617 1275 1711 1334 καὶ
1756 1281 1810 1339 ἐς
1857 1275 1927 1336 τὸ

319 1367 504 1442 τεῖχος
537 1359 604 1424 τό
650 1362 873 1432 ξύλινον
916 1361 982 1422 τὸ
1028 1361 1369 1438 ἐποιήσαντο
1403 1368 1460 1422 ἐν
1494 1364 1665 1441 μοίρῃ
1705 1367 1777 1442 τῇ
1810 1369 1925 1440 Θη-

317 1451 497 1527 βαΐδι.
581 1451 740 1527 θῶμα
781 1451 844 1510 δέ
878 1477 978 1527 μοι
1011 1450 1167 1519 ὅκως,
1200 1449 1353 1527 παρὰ
1384 1454 1485 1525 τῆς
1527 1450 1827 1528 Δήμητρος
1857 1451 1927 1511 τό

319 1538 500 1603 ἄλσος
525 1541 873 1619 μαχομένων,
904 1538 1028 1598 οὐδὲ
1058 1539 1132 1601 εἷς
1162 1538 1341 1614 ἐφάνη
1366 1543 1476 1598 τῶν
1502 1541 1769 1615 Περσέων
1798 1537 1929 1599 οὔτε

320 1628 570 1690 ἐσελθών
606 1635 660 1691 ἐς
694 1628 760 1688 τὰ
796 1629 1021 1704 τέμενος
1050 1624 1177 1687 οὔτε
1205 1624 1577 1687 ἐναποθανών·
1618 1627 1750 1704 περί
1770 1654 1833 1687 τε
1858 1627 1927 1687 τό

321 1717 441 1793 ἶρόν
473 1719 526 1777 οἱ
558 1720 822 1777 πλεῖστοι
851 1721 908 1797 ἐν
933 1719 1010 1795 τῷ
1034 1714 1279 1794 βεβήλῳ
1310 1715 1531 1775 ἔπεσον·
1576 1714 1745 1774 δοκέω
1772 1715 1847 1786 δὲ,
1878 1715 1935 1775 εἴ

317 1832 374 1865 τι
414 1807 543 1883 περὶ
581 1810 692 1865 τῶν
737 1806 895 1866 θείων
937 1804 1281 1886 πρηγμάτων
1320 1804 1527 1863 δοκέειν
1575 1803 1671 1876 δεῖ,
1721 1804 1760 1879 ἦ
1802 1802 1930 1867 θεὸς

319 1894 459 1971 αὐτή
495 1900 678 1970 σφεας
715 1894 814 1953 οὔκ
849 1893 1088 1961 ἐδέξατο,
1127 1893 1528 1969 ἐμπρήσαντας
1554 1890 1621 1951 τὸ
1650 1896 1709 1951 ἐν
1733 1890 1931 1951 Ἐλευ-

319 1986 436 2041 σῖνι
462 1981 808 2058 οἷνακτόριον.
893 1979 1032 2055 αὕτη
1059 1981 1164 2055 μέν
1190 2006 1287 2039 νυν
1312 1980 1350 2057 ἡ
1377 1980 1537 2059 μάχη
1564 1978 1657 2037 ἐπὶ
1680 1983 1929 2039 τοσοῦτο

321 2070 558 2149 ἐγένετο.

224 2158 297 2214 66
397 2154 750 2231 Ἀρτάβαζος
769 2154 828 2213 δὲ
848 2154 880 2213 ὅ
901 2151 1217 2231 Φαρνάκεος
1234 2153 1431 2214 αὐτίκα
1450 2181 1512 2215 τε
1536 2155 1635 2215 οὔκ
1655 2155 1927 2232 οἷρέσκετο

319 2242 437 2302 κατ’
459 2241 635 2319 άρχοῖς
654 2242 987 2318 λειπομένου
1016 2242 1339 2319 Μαρδονίου
1366 2240 1481 2301 άπό
1508 2244 1802 2319 βασιλέος,
1832 2244 1927 2302 καὶ

318 2329 446 2389 τότε
470 2328 664 2388 πολλοὶ
691 2328 1050 2411 ἀπαγορεύων
1075 2328 1232 2390 οὐδὲν
1258 2328 1406 2405 ἤνυε,
1430 2331 1794 2407 συμβάλλειν
1822 2330 1925 2390 οὐκ

319 2420 438 2476 ἐῶν·
495 2417 729 2493 ἐποίησέ
761 2444 822 2477 τε
855 2417 1020 2480 αὐτὸς
1055 2418 1257 2489 τοιάδε,
1298 2416 1368 2481 ὥς
1408 2417 1507 2477 οὐκ
1551 2416 1926 2495 ἀρεσκόμενος

315 2509 467 2566 τοῖσι
507 2505 806 2586 πρήγμασι
843 2510 997 2566 τοῖσι
1044 2510 1103 2564 ἐκ
1152 2505 1472 2582 Μαρδονίου
1518 2507 1924 2583 ποιευμένοισι·

315 2598 426 2655 τῶν
463 2594 799 2675 ἐστρατήγεε
835 2594 866 2653 ὁ
899 2593 1269 2671 Ἀρτάβαζος·
1314 2593 1429 2673 εἶχε
1466 2594 1525 2653 δὲ
1563 2592 1796 2671 δύναμιν
1823 2593 1925 2653 οὔκ

315 2682 530 2763 ὀλίγην,
573 2681 728 2740 οἷλλοὶ
769 2683 861 2740 καὶ
901 2686 958 2745 ἐς
992 2680 1267 2757 τέσσερας
1306 2681 1577 2758 μυριάδας
1618 2681 1923 2759 ἀνθρώπων

316 2771 444 2846 περὶ
467 2768 702 2848 ἑωυτόν·
744 2769 985 2843 τούτους,
1029 2768 1166 2832 ὅκως
1204 2767 1243 2844 ἦ
1280 2769 1555 2844 συμβολή
1594 2770 1821 2849 ἐγίνετο,
1863 2766 1924 2827 εὖ

317 2856 748 2934 ἐξεπιστάμενος
809 2856 880 2917 τοὶ
937 2858 1141 2933 ἔμελλε
1192 2854 1597 2931 ἀποβήσεσθαι
1655 2855 1767 2915 <ivd
1820 2860 1927 2933 τῆς

315 2942 517 3023 μάχης,
542 2943 648 3025 ἦγε
677 2946 1132 3022 κατηρτημένους,
1162 2946 1548 3025 παραγγείλας
1575 2944 1717 3003 κατά
1741 2944 1922 3004 τῶυτὸ

319 3032 455 3090 ἰέναι
494 3030 706 3095 πάντας
741 3036 812 3111 τῇ
850 3031 919 3093 ἂν
957 3030 1121 3094 αὗτός
1159 3030 1462 3111 ἐξηγέηται,
1494 3031 1632 3094 ὅκως
1658 3029 1727 3091 ἂν
1754 3030 1924 3091 ath-‹31›

316 3116 518 3193 ὅρέωσι
551 3119 800 3193 σπουδῆς
837 3122 1054 3199 ἔχοντα·
1108 3122 1283 3177 ταῦτα
1318 3119 1717 3198 παραγγείλας,
1756 3119 1827 3182 ὥς
1868 3124 1923 3182 ἐς

318 3202 508 3279 μάχην
551 3204 657 3285 ἦγε
699 3205 866 3279 δῆθεν
911 3204 1010 3265 τόν
1058 3204 1321 3282 στρατόν·
1364 3206 1673 3281 προτερέων
1720 3206 1780 3265 δὲ
1818 3210 1925 3281 τῆς

319 3286 469 3355 ὁδοῦ,
508 3288 621 3363 ὥρα
655 3290 746 3348 καὶ
781 3290 850 3365 δή
884 3289 1197 3371 φεύγοντας
1226 3290 1355 3351 τούς
1390 3290 1641 3367 Πέρσας·
1685 3291 1827 3349 οὕτω
1862 3292 1925 3350 δὲ
