2259 3500
359 137 438 196 93,
467 135 554 200 94]
959 137 1364 191 ΜΡΨῙΧΟΡΗ,
1889 137 1953 184 4⁵

361 213 546 290 ὁρτὴν,
577 211 748 288 ἤϊσαν
793 213 986 293 κόσμῳ
1028 219 1104 293 τῷ
1148 219 1435 294 καλλίστῳ
1476 215 1801 294 χρεώμεναι·
1835 213 1869 274 ὅ
1908 213 1957 273 δ’

359 299 696 376 ὑποστήσας
719 302 845 364 τούς
871 301 1230 380 δορυφόρους,
1259 301 1504 362 ἀπέδυσέ
1544 310 1729 378 σφεας
1768 302 1957 364 πάσας

362 388 565 464 ὁμοίως
594 389 694 452 τοῖς
731 389 780 449 τ’
809 392 1102 467 ἐλευθέρας
1143 392 1233 448 καὶ
1264 390 1362 452 τοὶς
1392 390 1768 466 ἀμφιπόλους·
1812 415 1955 466 συμ-

363 476 622 553 φορήσας
649 477 708 536 δὲ
735 483 790 540 ἐς
817 475 1049 558 ὄρυγμα,
1079 480 1355 556 Μελίσσῃ
1398 477 1764 556 ἐπευχόμενος
1800 478 1953 538 κατέ-

363 589 501 622 καιε·
539 569 714 624 ταῦτα
741 565 803 623 δέ
827 568 880 624 οἱ
905 565 1208 640 ποιήσαντι
1230 567 1321 624 καὶ
1340 566 1405 625 τὸ
1433 565 1683 642 δεύτερον
1702 566 1955 642 πέμψαν-

359 676 415 710 τι
449 652 664 729 ἔφρασε
698 653 766 712 τὰ
803 653 1030 712 εἴδωλον
1054 654 1120 713 τὸ
1152 655 1455 729 Μελίσσης
1483 659 1536 716 ἐς
1562 652 1659 713 τᾶν
1688 653 1953 730 κατέθηκε

359 742 542 816 χῶρον
568 744 668 798 τοῦ
695 740 874 808 ξείνου
898 740 1004 815 τὴν
1028 741 1517 817 παρακαταθήκην.
1600 745 1821 800 τοιοῦτο
1850 743 1955 817 μέν

362 831 486 885 ἐστι
516 825 646 902 ὑμῖν
671 826 709 903 ἦ
735 829 1002 904 τυραννὶς,
1029 829 1072 886 ὦ
1098 827 1541 905 Λακεδαιμόνιοι,
1576 829 1666 888 καὶ
1690 828 1955 888 τοιούτων

363 913 552 994 ἔργων.
641 914 814 992 ἡμέας
841 917 900 974 δὲ
917 915 1046 978 τούς
1063 916 1391 994 Κορινθίους
1418 915 1543 975 τότε
1572 915 1767 974 αὐτίκα
1796 916 1954 992 θῶμα

359 1002 509 1080 μέγα
535 1001 664 1081 εἶχε,
692 1003 784 1062 ὅτε
821 1003 992 1079 ὖμέας
1029 1004 1247 1078 εἴδομεν
1287 1003 1817 1080 μεταπεμπομένους
1838 1002 1950 1063 Ἱπ-

359 1089 510 1165 πίην·
553 1094 648 1150 νῦν
688 1117 751 1150 τε
793 1092 861 1167 δή
905 1092 996 1150 καὶ
1039 1090 1275 1167 μεζόνως
1316 1090 1641 1167 θωμάζομεν
1683 1092 1953 1171 λέγοντας

358 1181 554 1236 ταῦτα·
583 1178 1067 1256 ἐπιμαρτυρόμεθά
1091 1203 1169 1248 τε,
1192 1179 1610 1256 ἐπικαλεόμενοι
1637 1178 1769 1254 ὑμῖν
1795 1179 1954 1244 θεοΰς

358 1265 486 1327 τοῦς
517 1265 864 1342 Ἑλληνίους,
905 1266 986 1343 μή
1031 1267 1357 1326 κατιστάναι
1398 1266 1717 1340 τυραννίδας
1758 1271 1813 1329 ἐς
1852 1267 1954 1332 τοὶς

359 1351 543 1416 πόλις·
585 1352 760 1414 οὔκων
793 1354 1085 1414 παύσεσθε
1127 1354 1281 1414 ἀλλὰ
1320 1352 1661 1430 πειρήσεσθε
1691 1380 1845 1431 παρα
1883 1355 1951 1416 τό

361 1439 570 1501 δίκαιον
597 1441 926 1522 κατάγοντες
949 1441 1245 1517 Ιππίην,”
1220 1467 1343 1502 ιστε
1376 1441 1505 1516 ὑμῖν
1532 1443 1859 1517 Κορινθίους
1883 1470 1951 1524 γε

361 1552 428 1584 ου
467 1527 899 1590 συναινέονταςΪ

443 1614 762 1689 Σωσικλέης
801 1617 904 1690 μὲν
943 1615 1056 1675 από
1101 1545 1383 1693 Κορίνθου
1422 1581 1755 1693 πρεσβεύων
1794 1618 1949 1686 ἔλεξε
1966 1620 2041 1677 93

359 1699 510 1761 τάδε.
593 1701 810 1778 Ιππίης
835 1701 895 1761 δὲ
921 1701 1087 1765 αὐτον
1117 1702 1403 1781 ἀμείβετο,
1430 1727 1559 1767 τους
1599 1729 1795 1767 αυτους
1836 1709 1949 1764 ἐπι-

361 1789 604 1852 καλέσας
647 1790 804 1854 θεούς
851 1792 1021 1869 κείνῳ,
1067 1791 1104 1867 ἦ
1152 1792 1265 1869 μήν
1316 1791 1643 1868 Κορινθίους
1686 1790 1945 1868 μάλιστα

358 1876 575 1937 πάντων
603 1878 966 1954 ἐπιποθήσειν
993 1879 1475 1956 Πεισιστρατίδας,
1510 1878 1641 1939 ὅταν
1668 1885 1780 1955 σφι
1809 1878 1946 1955 ἥκω-

358 1990 423 2024 σι
449 1964 650 2044 ἦμέραι
691 1969 750 2025 αἱ
786 1966 967 2043 κύριαι
1009 1966 1273 2027 οἷνιὰἶσθαι
1311 1965 1401 2027 ὕπ’
1429 1966 1756 2043 Ἀθηναίων.
1835 1967 1947 2027 Ἱπ-

357 2054 484 2129 πίης
511 2057 614 2131 μὲν
646 2054 898 2114 τούτοισι
939 2053 1231 2132 οἷμείψατο,
1270 2055 1359 2115 οἶά
1392 2080 1453 2116 τε
1491 2055 1633 2117 τοῦς·
1655 2055 1949 2133 χρησμούς

355 2139 731 2217 ἀτρεκέστατα
749 2141 960 2219 ἀνδρῶν
978 2143 1421 2219 ἐξεπιστάμενος·
1461 2146 1515 2201 οἱ
1542 2143 1599 2201 δὲ
1624 2144 1815 2202 λοιποὶ
1838 2148 1947 2203 τῶν

356 2228 665 2307 συμμάχων
696 2229 830 2292 τέως
867 2232 972 2306 μὲν
1013 2230 1164 2309 εἶχον
1195 2235 1251 2289 ἐν
1277 2230 1485 2308 ἡσυχίῃ
1517 2231 1701 2305 σφέας
1728 2230 1943 2293 αὐτούς·

356 2316 476 2372 ἐπεί
512 2341 574 2373 τε
609 2316 667 2373 δὲ
695 2318 1012 2380 Σωσικλέος
1046 2318 1296 2393 ἤκουσαν
1340 2318 1589 2379 εἴπαντος
1631 2318 1942 2394 ἐλευθέρως,

354 2400 501 2463 ἅπας
523 2427 606 2465 τις
633 2403 812 2463 αὐτῶν
839 2406 1030 2481 φωνήν
1053 2406 1239 2483 ῥήξας,
1270 2407 1481 2482 αἱρέετο
1516 2409 1615 2464 τοῦ
1643 2406 1945 2482 Κορινθίου

352 2488 456 2563 τήν
479 2489 720 2569 γνώμην·
747 2493 1241 2569 Λακεδαιμονίοισί
1261 2518 1323 2552 τε
1351 2494 1834 2569 ἐπεμαρτυρέοντο,
1861 2492 1943 2567 μή

351 2577 556 2636 ποιέειν
586 2579 758 2654 μηδὲν
791 2580 1051 2655 νεώτερον
1086 2580 1217 2657 περὶ
1255 2580 1423 2640 πόλιν
1447 2578 1718 2639 Ἑλλάδα.
1800 2579 1941 2639 οὕτω

349 2666 453 2739 μὲν
478 2669 650 2723 ταῦτα
681 2666 957 2742 ἐπαύσθη.

429 2750 618 2830 Ιππίῃ
657 2754 714 2811 δὲ
757 2756 1004 2815 ἐνθεῦτεν
1043 2756 1475 2833 α’,πελαυνομένω
1516 2754 1694 2813 ἐδίδου
1720 2757 1823 2831 μὲν
1847 2754 1939 2812 ’A-
1958 2756 2035 2813 94

343 2838 552 2916 μύντης
594 2868 624 2900 o
662 2842 935 2901 Μακεδων
969 2841 1359 2917 Ἀνθεμοῦντα,
1400 2842 1654 2901 ἐδίδοσαν
1696 2842 1755 2899 δὲ
1796 2847 1939 2898 Θεσ-

342 2928 519 2986 σαλοὶ
557 2928 802 2989 Ἰωλκόν.
885 2928 918 2987 ὅ
955 2930 1014 2987 δὲ
1053 2928 1259 2989 τούτων
1286 2931 1389 3005 μὲν
1418 2928 1675 3005 οὐδέτερα
1706 2927 1935 3002 αἱρέετο,

340 3014 612 3094 ἀνεχώρεε
639 3016 697 3076 δὲ
725 3016 908 3075 ὀπίσω
936 3022 990 3079 ἐς
1018 3018 1251 3097 Σίγειον,
1282 3016 1348 3077 τό
1383 3017 1497 3075 εἷλε
1525 3016 1936 3089 Πεισίστρατος

337 3107 519 3181 αἰχμῇ
538 3102 692 3180 παρὰ
713 3104 1125 3178 Μυτιληναίων·
1171 3104 1455 3181 κρατήσας
1482 3103 1541 3161 δὲ
1568 3100 1754 3167 αὐτοῦ,
1785 3101 1937 3159 κατέ-

334 3216 519 3267 στησε
544 3191 812 3269 τύραννον
842 3190 979 3250 εἶναι
1014 3191 1189 3249 παῖδα
1211 3191 1311 3251 τὸν
1340 3192 1539 3248 ἑωυτοῦ
1566 3185 1731 3246 νόθον
1762 3186 1935 3266 εΗγη-

331 3279 659 3355 σίστρατον,
698 3276 972 3359 γεγονότα
1016 3278 1078 3347 ἐξ
1120 3277 1378 3356 Ἀργείης
1416 3271 1690 3352 γυναικός·
1732 3272 1795 3335 ὃς
1836 3273 1934 3332 οὔκ
