2259 3500
360 144 642 211 119—124]
1015 145 1321 194 OTPANIA.
1862 146 1957 195 269

355 227 576 306 ἐγένετο
611 220 838 300 ἀνδριὰς
876 222 1016 302 ἔχων
1057 226 1116 281 ἐν
1157 224 1229 301 τῇ
1268 222 1393 300 χερὶ
1432 220 1773 300 ἀκρωτήριον
1810 222 1959 299 νηός,
2018 222 2025 229 ’

356 311 460 372 ἐών
499 312 744 393 μέγαθος
785 310 1116 369 δυωκαίδεκα
1156 309 1398 388 πήχεων·
1442 309 1670 384 ἑστήκεε
1702 310 1761 369 δὲ
1801 308 1961 373 οὗτος

353 404 428 477 τῇ
451 426 556 477 περ
594 399 626 459 ὁ
665 396 938 457 Μακεδών
968 397 1337 473 Ἀλέξανδρος
1364 397 1396 457 ὁ
1423 397 1681 477 χρύσεος.
1765 399 1919 475 Πέμ-
1940 400 2054 456 122

356 496 558 567 ψαντες
595 487 654 545 δὲ
694 486 980 562 ἀκροθίνια
1022 488 1074 543 οἱ
1104 483 1386 560 Ἕλληνες
1416 490 1473 548 ἐς
1510 485 1790 561 Δελφοῦς,
1818 490 1960 545 ἐπει-

353 575 559 653 ρώτεον
609 572 712 634 τὸν
766 572 896 633 θεόν
939 576 1112 651 κοινῇ,
1164 576 1211 631 εἶ
1257 571 1547 648 λελάβηκε
1600 572 1821 649 πλήρεα
1868 574 1961 633 καὶ

355 660 570 739 &pem-d
595 660 670 721 τὰ
713 660 1035 737 ἀκροθίνιας
1079 659 1113 719 ὅ
1152 660 1212 719 δὲ
1242 658 1373 737 παρ’
1408 659 1698 735 Ἑλλήνων
1722 663 1827 737 μὲν
1850 666 1961 721 τῶν

356 747 548 809 ἄλλων
587 750 769 824 ἔφησε
812 750 974 826 ἔχειν,
1018 746 1149 824 παρ’
1191 749 1526 828 Αἰγινητέων
1567 748 1626 806 δὲ
1666 747 1751 808 οὗ·
1806 748 1961 807 ἀλλὰ

357 835 587 896 ἀπαίτεε
613 835 813 899 αὐτοῦς
835 834 908 895 τὰ
933 832 1199 912 ἅρισηήῖα
1224 840 1325 910 τῆς
1352 840 1410 894 ἐν
1444 837 1723 913 Σαλαμῖνι
1753 862 1958 913 ναυμα-

354 925 502 1003 χίης·
570 927 864 1005 Αἰγινῆται
918 923 978 981 δὲ
1029 922 1349 999 πυθόμενοι,
1398 922 1669 984 ἀνέθεσαν
1717 924 1958 1003 ἀστέρας

353 1012 646 1090 χρυσέους,
676 1011 730 1069 οἳ
757 1012 850 1070 ἐπὶ
879 1014 1040 1070 ἱστοῦ
1065 1011 1312 1089 χαλκέου
1341 1014 1543 1071 ἑστᾶσι
1568 1016 1714 1089 τρεῖς
1742 1012 1832 1071 ἐπὶ
1857 1016 1961 1088 τῆς

354 1101 570 1179 γωνίης,
605 1098 900 1181 ἀγχοτάτω
939 1101 1038 1157 τοῦ
1081 1099 1343 1176 Κροίσεω
1382 1103 1665 1177 κρητῆρος.
1752 1101 1916 1160 Μετιὶ
1937 1104 2010 1161 12
2017 1107 2053 1161 3

355 1187 415 1247 δὲ
439 1187 542 1262 τὴν
567 1188 837 1264 διαίρεσιν
856 1190 956 1264 τῆς
979 1186 1144 1263 ληΐης
1170 1188 1386 1248 ἔπλωον
1407 1191 1461 1248 οἱ
1474 1187 1753 1266 Ἕλληνες
1780 1194 1835 1253 ἐς
1858 1188 1959 1249 τόν

354 1273 602 1353 Ἰσθμόν,
645 1274 910 1352 α’ριστήῖα
947 1273 1220 1338 δώσοντες
1253 1280 1329 1353 τῷ
1364 1275 1647 1356 ἀξιωτάτῳ
1681 1278 1959 1359 γενομένῳ

355 1362 644 1438 Ἑλλήνων
671 1361 777 1422 <ivd
801 1362 902 1421 τόν
927 1360 1183 1438 πόλεμον
1207 1366 1425 1423 τοῦτον·
1458 1364 1529 1427 ὥς
1554 1365 1613 1423 δὲ
1634 1364 1957 1442 ἀπικόμενοι

356 1453 410 1509 οἶ
435 1450 746 1531 στρατηγοὶ
772 1450 1022 1527 διένεμον
1044 1449 1146 1513 τοὶς
1172 1449 1397 1527 ψήφους
1434 1452 1525 1510 ἐπὶ
1553 1456 1654 1511 τοῦ
1689 1454 1957 1512 Ποσειδέ-

356 1564 491 1602 ωνος
531 1542 608 1616 τῷ
649 1539 840 1617 βωμῷ,
877 1538 976 1598 τᾶν
1021 1542 1241 1614 πρῶτον
1276 1538 1368 1597 καὶ
1408 1538 1510 1598 τᾶν
1546 1538 1799 1618 δεύτερον
1848 1542 1955 1616 κρί-

355 1651 538 1689 νοντες
584 1630 644 1684 ἐκ
686 1625 924 1686 πάντων·
997 1627 1233 1686 ἐνθαῦτα
1278 1630 1387 1689 πᾶς
1427 1652 1511 1689 τις
1556 1626 1735 1686 αὐτῶν
1778 1630 1955 1707 ἑωυτῷ

357 1714 568 1775 ἐτίθετο
607 1712 710 1790 τήν
751 1716 964 1792 ψῆφον,
1007 1712 1176 1778 αὖτὸς
1217 1715 1451 1777 ἕκαστος
1490 1714 1689 1774 δοκέων
1730 1712 1959 1792 ἄριστος

355 1803 640 1883 γενέσθαι·
682 1801 910 1880 δεύτερα
936 1803 1012 1873 δὲ,
1041 1806 1095 1863 οἶ
1121 1803 1333 1862 πολλοὶ
1368 1803 1768 1872 συνεξέπιπτον
1794 1809 1958 1880 Θεμι-

356 1892 604 1950 στοκλέα
631 1891 915 1968 κρίνοντες.
989 1894 1042 1950 οἳ
1068 1893 1172 1968 μὲν
1200 1890 1267 1966 δή
1296 1895 1642 1968 ἐμουνοῦντο·
1662 1897 1957 1967 ιΘεμιστὼ·

356 1981 522 2056 κλέης
562 1980 622 2039 δὲ
657 1979 1013 2058 δευτερείοισι
1043 1978 1469 2056 ὖπερεβάλλετο
1511 1978 1749 2038 πολλόν.
1834 1977 1917 2038 Οὖ
1938 1982 2051 2038 124

353 2067 718 2145 βουλομένων
748 2068 810 2127 δὲ
843 2071 1020 2127 ταῦτα
1053 2067 1255 2144 κρίνειν
1289 2071 1399 2128 τῶν
1424 2067 1713 2144 Ἑλλήνων
1746 2067 1953 2147 φθόνῳ,

354 2154 486 2214 ἀλλ’
511 2155 926 2216 α’ποπλωόντων
957 2154 1207 2215 ἑκάστων
1242 2160 1295 2218 ἐς
1326 2154 1429 2230 τὴν
1462 2158 1672 2215 ἑωυτῶν
1708 2154 1957 2232 ἀκρίτων,

356 2241 500 2318 ὅμως
546 2244 964 2320 Θεμιστοκλέης
1011 2243 1243 2318 ἐβώσθη
1298 2268 1360 2302 τε
1402 2244 1494 2301 καὶ
1537 2243 1779 2319 ἐδοξώθη
1822 2244 1961 2303 εἶναι

355 2327 494 2406 ἀνὴρ
535 2330 756 2389 πολλόν
787 2329 1078 2405 Ἑλλήνων
1118 2329 1450 2404 σοφώτατος
1489 2329 1595 2390 civo?
1631 2336 1823 2392 πᾶσαν
1856 2331 1960 2406 τήν

354 2415 626 2476 Ἐλλάδα.
709 2417 795 2476 ὅτι
835 2417 896 2476 δὲ
935 2420 1097 2476 νικῶν
1140 2416 1239 2476 οὐκ
1285 2419 1520 2495 ἐτιμήθη
1560 2419 1701 2495 πρὸς
1751 2425 1861 2479 τῶν
1900 2425 1959 2478 ἐν

357 2505 637 2581 Σαλαμῖνι
684 2503 1177 2584 ναυμαχησάντων,
1226 2505 1423 2565 αὐτίκα
1475 2506 1619 2582 μετοῖ
1672 2511 1848 2566 ταῦτα
1903 2511 1959 2569 ἐς

355 2591 745 2669 Λακεδαίμονα
797 2591 1042 2662 ἀπίκετο,
1087 2593 1265 2653 θέλων
1316 2595 1633 2670 τιμηθῆναι·
1720 2595 1818 2652 καί
1858 2619 1955 2668 μιν

354 2678 781 2756 Λακεδαιμόνιοι
825 2683 1006 2743 καλῶς
1052 2683 1157 2757 μὲν
1200 2681 1551 2752 ὑπεδέξαντο,
1598 2681 1856 2762 μεγάλως
1898 2680 1957 2738 δὲ

354 2766 646 2841 ἐτίμησαν·
729 2767 993 2846 οἷριστήϊα
1045 2771 1151 2844 μέν
1204 2795 1300 2828 νυν
1359 2769 1561 2828 ἔδοσαν
1613 2767 1954 2846 Εὐρυβιάδῃ,

355 2854 546 2931 ἐλαίης
587 2856 890 2932 στέφανον·
939 2858 1151 2934 σοφίης
1192 2856 1251 2915 δὲ
1287 2857 1380 2915 καὶ
1423 2856 1749 2932 δεξιότητος,
1792 2862 1955 2932 Θεμι-

353 2945 603 3012 στοκλέῖ,
633 2942 724 3001 καὶ
749 2943 924 3022 τούτῳ
951 2946 1238 3019 στέφανον
1265 2945 1469 3020 ἐλαίης·
1515 2944 1863 3022 ἐδωρήσαντο
1895 2943 1960 3002 δέ

351 3054 449 3105 μιν
481 3028 596 3109 ὄχῳ
635 3035 712 3109 τῷ
745 3035 802 3090 ἐν
833 3030 1066 3110 Σπάρτῃ
1103 3031 1599 3092 καλλιστεύσαντι·
1643 3031 1957 3093 αἰνέσαντες

353 3116 412 3175 δὲ
437 3117 652 3188 πολλὰ,
679 3119 1048 3199 προέπεμψαν
1076 3121 1311 3181 ἀπιόντα
1338 3119 1652 3197 τριηκόσιοι
1676 3122 1953 3196 Σπαρτιη-

351 3205 489 3266 τέων
527 3205 780 3288 λογάδες,
809 3204 962 3267 οὗτοι
1003 3209 1163 3285 οἷπερ
1207 3208 1397 3270 ἱππέες
1438 3208 1745 3283 καλέονται,
1788 3207 1957 3286 μέχρι

353 3293 528 3372 οὔρων
561 3299 672 3354 τῶν
711 3299 1068 3376 Τεγεητικῶν.
1153 3299 1359 3372 μοῦνον
1396 3293 1462 3368 δή
1500 3298 1703 3356 τοῦτον
1734 3294 1957 3356 πάντων
