2259 3500
358 137 574 202 21-25]
984 136 1354 185 nonnum.
1854 137 1948 184 133

356 220 476 292 μὲν,
506 216 790 275 κατώτατα
818 218 1094 285 ἑστεῶτες,
1124 213 1400 291 ὤρυσσον·
1443 215 1621 293 ἕτεροι
1647 214 1706 273 δὲ
1732 214 1950 291 παρεδί-

358 306 535 365 δοσαν
573 304 674 364 τὸν
716 304 822 363 αἰεὶ
870 302 1316 380 ἐξορυσσόμενον
1361 306 1500 383 χοῦν
1546 302 1781 362 ἄλλοισι
1824 328 1952 361 κατ-

358 393 563 470 ύπερθε
604 395 840 451 ἑστεῶσι
883 391 975 450 ἐπὶ
1008 389 1259 467 βάθρων·
1302 394 1355 450 οἱ
1395 390 1440 449 δ’
1482 389 1552 449 αὖ
1589 390 1949 465 ἐκδεκόμενοι,

358 483 614 558 ἑτέροισι,
659 480 757 543 ἔως
801 478 1067 539 ἀπίκοντο
1110 484 1166 542 ἐς
1205 478 1336 541 τούς
1379 477 1652 538 ἀνωτάτω·
1696 475 1848 537 οὗτοι
1891 478 1952 537 δὲ

358 568 652 646 ἐξεφόρεόν
676 592 739 627 τε
767 568 859 627 καὶ
886 567 1220 643 ἐξέβαλλον.
1273 570 1426 625 τοῖσι
1449 568 1553 643 μέν
1579 592 1674 626 νυν
1699 564 1950 636 ἄλλοισι,

354 656 508 733 πλὴν
560 657 842 727 Φοινίκων,
897 654 1400 736 καταρρηγνύμενοι
1453 658 1506 714 οἱ
1561 655 1794 732 κρημνοὶ
1850 659 1952 714 τοῦ
1997 660 2002 663 ’

356 743 669 825 ὀρύγματος
704 743 878 803 πόνον
914 742 1217 818 διπλήσιον
1255 746 1540 821 παρεῖχον·
1583 767 1680 801 ατε
1704 742 1814 823 γὰρ
1847 746 1952 802 τοῦ

354 856 417 890 τε
442 830 554 891 ἅνω
580 831 862 909 στόματος
890 856 979 889 και
1004 836 1105 891 τοῦ
1135 830 1280 890 κάτω
1305 830 1376 889 τοὶ
1402 830 1541 889 αὐτα
1566 830 1742 907 μέτρα
1769 856 1949 889 ποιευ-

354 920 548 995 μένων,
578 920 786 996 ἔμελλέ
809 926 922 996 σφι
947 923 1170 979 τοιοῦτο
1196 917 1620 994 ἀποβήσεσθαι·
1665 921 1717 977 οἱ
1745 918 1803 977 δὲ
1823 919 1950 977 Φοί-

356 1032 497 1069 νικες
518 1009 733 1083 σοφίην
759 1009 815 1069 ἐν
838 1033 901 1067 τε
926 1010 1079 1066 τοῖσι
1104 1004 1340 1065 ἄλλοισι
1367 1006 1582 1087 ἔργοισι
1607 1004 1951 1067 α’ποδείκνυν-

352 1120 461 1165 ται,
491 1096 581 1154 καὶ
618 1095 686 1172 δὴ
725 1096 817 1154 καὶ
854 1100 912 1155 ἐν
952 1095 1157 1173 ἐκείνῳ·
1195 1093 1580 1173 ἀπολαχόντες
1605 1094 1714 1175 γάρ
1755 1094 1953 1171 μόριον

354 1180 493 1242 ὅσον
534 1182 757 1243 αὖτοῖσι
790 1183 1097 1259 ἐπέβαλλε,
1126 1181 1376 1259 ὅρυσσον
1399 1182 1465 1241 τό
1492 1185 1596 1259 μὲν
1621 1182 1732 1242 ἅνω
1763 1180 1950 1259 στόμα

353 1273 455 1345 τῆς
479 1270 743 1350 διώρυχος
768 1274 1049 1333 ποιεῦντες
1076 1270 1380 1345 διπλήσιον
1412 1268 1448 1345 ἢ
1476 1269 1617 1329 ὅσον
1645 1270 1751 1329 ἔδει
1779 1269 1951 1346 αὐτὴν

354 1358 458 1433 τήν
492 1358 732 1437 διώρυχα
768 1359 1050 1439 γενέσθαι·
1091 1359 1498 1435 προβαίνοντος
1535 1358 1594 1417 δὲ
1634 1361 1734 1417 τοῦ
1771 1360 1949 1439 ἔργου,

354 1451 600 1527 συνῆγον
626 1447 751 1505 αἰεί·
792 1446 939 1507 κάτω
963 1472 1025 1506 τε
1050 1446 1119 1522 δὴ
1150 1446 1376 1527 ἐγίνετο,
1399 1472 1488 1505 και
1518 1448 1775 1517 ἐξισοῦτο
1798 1450 1950 1506 τοῖσι

354 1532 587 1593 αλλοισι
612 1560 679 1594 το
706 1534 886 1617 ἔργον.
970 1536 1204 1594 ἐνθαῦτα
1231 1535 1291 1592 δὲ
1317 1533 1578 1611 λειμῶν’
1553 1559 1693 1603 εστι,
1724 1534 1812 1593 ἵνα
1837 1539 1950 1610 σφι

354 1618 534 1701 α’,γορή
557 1643 621 1681 τε
648 1622 857 1703 ἐγίνετο
884 1624 975 1681 καὶ
992 1621 1318 1699 πρητήριον·
1347 1624 1506 1685 σῖτος
1526 1620 1588 1679 δέ
1606 1627 1782 1695 σφισι
1809 1626 1948 1680 πολ-

353 1708 457 1772 λός
498 1710 698 1786 ἐφοίτα
738 1714 799 1769 ἐκ
841 1713 941 1786 τῆς
982 1709 1180 1786 Ἀσίης
1220 1708 1626 1787 ἀληλεσμένος.
1707 1707 1804 1772 Ως
1842 1712 1946 1785 μὲν
1967 1712 2044 1770 24

356 1799 455 1872 ἐμὲ
484 1797 992 1874 συμβαλλεόμενον
1024 1797 1312 1876 εὖρίσκειν,
1339 1797 1848 1878 μεγαλοφροσύνης
1875 1798 1944 1856 εἴ·

354 1907 485 1944 νεκα
516 1885 653 1945 adv-6
682 1887 892 1963 Ξέρξης
918 1885 1186 1964 ὀρύσσειν
1212 1887 1446 1956 ἐκέλευε,
1476 1886 1681 1945 ἐθέλων
1705 1911 1770 1945 τε
1797 1885 1948 1946 δύνα-

352 1998 449 2050 μιν
474 1972 906 2034 ἀποδείκνυσθαι
934 1975 1025 2032 καὶ
1050 1973 1386 2052 μνημόσυνα
1411 1974 1699 2033 λιπέσθαι·
1742 1972 1951 2051 παρεὸν

353 2060 461 2141 γσῖρ
500 2062 711 2139 μηδένα
750 2062 927 2122 πόνον
970 2062 1258 2139 λαβόντας
1301 2061 1402 2122 τόν
1445 2061 1650 2139 ἰσθμὸν
1684 2061 1786 2125 τάς
1828 2063 1949 2126 νέας

354 2147 639 2226 διειρύσαι,
682 2149 951 2226 ὀρύσσειν
990 2151 1208 2209 ἐκέλευε
1255 2149 1496 2227 διώρυχα
1539 2153 1612 2228 τῇ
1661 2149 1948 2229 θαλάσσῃ,

354 2234 510 2312 εὖρος
547 2236 617 2300 ὦς
654 2235 755 2297 δύο
794 2237 1051 2315 τριήρεας
1080 2239 1274 2298 πλέειν
1314 2238 1455 2314 ὁμοῦ
1491 2241 1946 2316 ἐλαστρευμένας.

351 2327 505 2382 τοῖσι
530 2324 591 2382 δὲ
616 2325 842 2384 αὐτοῖσι
866 2325 1135 2398 τούτοισι,
1164 2327 1324 2385 τοῖσί
1349 2350 1456 2403 περ
1488 2327 1581 2385 καὶ
1613 2327 1678 2386 τὸ
1713 2326 1948 2408 ὄρυγμα,

353 2412 767 2485 προσετέτακτο
803 2413 899 2472 καὶ
929 2411 1029 2473 τᾶν
1056 2411 1350 2490 Στρυμόνα
1381 2413 1638 2490 ποταμόν
1671 2413 1962 2485 ζεύξαντας

352 2500 701 2576 γεφυρῶσαι.

436 2587 624 2643 Ταῦτα
647 2586 752 2661 μέν
776 2611 872 2647 νυν
899 2585 1041 2647 οὕτω
1060 2589 1258 2647 ἐποίεε·
1300 2589 1752 2665 παρασκευάζετο
1780 2590 1841 2648 δὲ
1860 2590 1952 2648 καὶ
1968 2592 2043 2648 25

353 2670 511 2731 ὅπλα
555 2676 608 2734 ἐς
649 2672 750 2737 τσῖς
784 2674 1032 2754 γεφύρας
1066 2675 1326 2752 βύβλινά
1366 2701 1426 2734 τε
1471 2677 1562 2735 καὶ
1604 2677 1950 2747 λευκολίνου,

354 2758 619 2828 ἐπιτάξας
661 2761 876 2831 Φοίνιξί
911 2788 974 2821 τε
1017 2764 1110 2822 καὶ
1153 2765 1514 2844 Αἰγυπτίοισι
1555 2766 1648 2823 καὶ
1693 2766 1848 2824 σιτία
1882 2769 1952 2844 τῇ

353 2851 595 2926 στρατιῇ
640 2850 1039 2926 καταβάλλειν,
1080 2852 1170 2911 ἵνα
1203 2851 1284 2928 μή
1329 2851 1578 2930 λιμῄνειε
1619 2850 1659 2927 ἦ
1694 2853 1952 2929 στρατιή,

352 2934 495 3010 μηδὲ
516 2935 590 2995 τά
616 2935 889 3018 ὑποζύγια
916 2939 1258 3017 ἐλαυνόμενα
1279 2940 1371 2998 ἐπὶ
1396 2939 1500 3014 τὴν
1523 2939 1795 2998 Ἑλλάδα·
1825 2938 1951 2998 α’να-

353 3021 662 3100 πυθόμενος
696 3025 756 3083 δὲ
794 3023 923 3088 τούς
946 3026 1176 3104 χώρους,
1205 3027 1590 3104 καταβάλλειν
1617 3028 1835 3086 ἐκέλευε
1869 3029 1958 3089 ἵνα

354 3111 786 3186 ἐπιτηδειότατον
825 3113 926 3188 εἴη,
968 3113 1152 3175 ἄλλον
1191 3113 1346 3192 ἄλλῃ
1385 3114 1703 3194 ἀγινέοντας
1744 3114 1955 3175 ὁλκάσι

351 3225 412 3258 τε
440 3201 532 3258 καὶ
557 3200 929 3279 πορθμηίοισι
961 3207 1021 3259 ἐκ
1051 3207 1154 3279 τῆς
1179 3202 1377 3276 Ἀσίης
1403 3202 1774 3279 πανταχόθεν.
1854 3202 1955 3264 τδν

351 3287 411 3347 δὲ
447 3286 523 3350 ὦν
557 3293 834 3352 πλεῖστον
876 3293 931 3353 ἐς
972 3291 1192 3366 Λευκὴν
1225 3289 1431 3365 Ἀκτὴν
1475 3291 1818 3368 καλεομένην
1855 3295 1958 3369 τῆς

371 3373 561 3424 ῙῙ.“11
