2259 3500
1667 13 1692 21 —

304 97 398 145 154
904 95 1268 142 ‘HPoAOTOT
1675 118 1678 121 ·
1749 95 1902 160 [VH.

306 172 501 243 λακαῖς,
530 173 623 233 καὶ
658 172 964 251 θεραπηΐην
1004 173 1231 249 πολλήν
1266 200 1328 233 τε
1361 174 1454 233 καὶ
1480 172 1550 233 εἶν’
1567 178 1908 252 ἐσκευασμέ-

306 289 422 338 νην·
465 265 599 321 σῖτα
643 262 705 320 δέ
746 268 872 336 σφι,
911 262 1077 339 χωρὶς
1119 266 1228 321 τῶν
1274 260 1466 322 ἄλλων
1507 264 1905 339 στρατιωτέων,

307 350 557 425 κάμηλοί
576 377 637 409 τε
665 350 757 408 καὶ
783 349 1053 429 ὑποζύγια
1082 349 1235 430 ἦγον.

210 441 288 499 84
385 438 629 496 Ἱππεύει
656 438 714 496 δὲ
739 443 914 498 ταῦτα
940 437 1013 497 ταῖ
1040 439 1216 498 ἔθνεα·
1245 437 1398 514 πλὴν
1424 438 1489 497 οὗ
1515 439 1698 500 πάντα
1718 443 1906 518 παρεί-

301 553 435 605 χετο
478 527 665 597 ἵππον,
708 526 863 586 ἀλλά
904 525 1111 585 τοσάδε
1149 530 1350 603 μοῦνα·
1391 526 1618 604 Πέρσαι
1647 532 1766 605 μὲν,
1803 530 1907 604 τὴν

302 615 473 690 αὐτ-ἦν
517 614 919 693 ἐσκευασμένοι
960 614 1054 674 καὶ
1098 612 1129 674 ὅ
1173 614 1338 685 πεζός
1379 613 1575 675 αὐτῶν·
1617 616 1770 691 πλὴν
1815 619 1906 675 ἐπὶ

300 707 435 781 τῇσι
471 708 759 783 κεφαλῇσι
802 704 955 783 εἶχον
989 702 1336 781 μετεξέτεροι
1363 703 1541 763 αὐτῶν
1569 704 1660 763 καὶ
1689 704 1905 783 χάλκεα

208 794 285 851 85
302 792 394 851 καὶ
430 792 662 868 σιδήρεα
697 792 1079 868 ἐξεληλαμένα
1115 790 1418 867 ποιήματα.
1503 793 1640 852 Εἰσὶ
1677 793 1739 850 δέ
1760 818 1905 856 τινες

302 879 532 957 νομάδες
566 879 848 957 ἄνθρωποι
886 878 1193 960 Σαγάρτιοι
1233 878 1576 956 καλεόμενοι,
1607 880 1760 942 ἔθνος
1801 884 1904 956 μὲν

301 968 585 1046 Περσικὸν
613 969 705 1027 καὶ
733 972 909 1046 φωνῇ,
933 966 1140 1042 σκευὴν
1167 968 1228 1027 δὲ
1252 966 1461 1043 μεταξῦ
1489 968 1684 1047 ἔχουσι
1711 994 1903 1028 πεποι-

296 1058 505 1133 ημένην
530 1061 631 1131 τῆς
656 1082 718 1117 τε
745 1060 1031 1133 Περσικῆς
1060 1056 1154 1114 καὶ
1179 1060 1279 1132 τῆς
1300 1060 1640 1131 Πακτυϊκῆς·
1685 1057 1737 1116 οἳ
1762 1084 1900 1135 παρ-

299 1144 515 1222 είχοντο
555 1146 659 1219 μὲν
702 1144 873 1203 ἵππον
910 1142 1352 1223 ὀκτακισχιλίην,
1384 1144 1536 1203 ὅπλα
1565 1144 1622 1203 δὲ
1651 1144 1713 1204 οὗ
1750 1147 1900 1223 νομί-

297 1231 459 1300 ζουσι
486 1232 629 1310 ἔχειν
658 1230 783 1292 οὔτε
822 1231 1040 1311 χάλκεα
1080 1232 1208 1291 οὔτε
1249 1232 1500 1309 σιδήρεα,
1531 1233 1630 1301 ἔξω
1673 1238 1898 1313 ἐγχειρι-

296 1318 441 1391 δίων·
481 1320 753 1399 χρέωνται
772 1321 832 1379 δὲ
852 1324 1080 1399 σειρῇσι
1098 1321 1526 1402 πεπλεγμένῃσι
1554 1321 1615 1389 ἐξ
1643 1320 1898 1397 ἱμάντων·

294 1406 534 1485 ταύτῃσι
574 1408 801 1469 πίσυνοι
842 1410 1098 1489 ἔρχονται
1141 1414 1195 1471 ἐς
1231 1406 1504 1484 πόλεμον.
1585 1407 1623 1483 ἦ
1650 1408 1709 1467 δὲ
1739 1409 1900 1489 μάχη

294 1494 501 1556 τούτων
541 1500 651 1557 τῷν
693 1497 902 1574 ἀνδρῶν
943 1496 1059 1573 ἥδε·
1114 1496 1282 1556 ἐπεὰν
1329 1496 1698 1577 συμμίσγωσι
1745 1501 1898 1564 τοῖσι,

292 1584 638 1661 πολεμίοισι,
664 1585 960 1663 βάλλουσι
997 1586 1098 1649 τοὶς
1139 1583 1333 1661 σειρσῖς
1359 1582 1444 1643 ἐπ’
1471 1582 1619 1663 ἄκρῳ
1645 1585 1900 1664 βρόχους

294 1671 553 1752 ἐχούσας·
594 1672 719 1734 ὅτευ
761 1672 807 1733 δ’
834 1673 903 1735 ἂν
934 1673 1094 1754 τύχῃ,
1121 1672 1192 1749 ἥν
1214 1698 1278 1733 τε
1307 1672 1479 1731 ἵππου
1506 1670 1576 1748 ἤν
1601 1698 1663 1732 τε
1689 1672 1894 1749 ἀνθρώ-

291 1785 417 1832 που,
446 1761 531 1821 ἐπ’
560 1762 758 1824 ἑωυτόν
800 1763 967 1822 ἕλκει·
1011 1766 1065 1822 οἱ
1101 1763 1161 1820 δὲ
1199 1766 1257 1822 ἐν
1295 1761 1481 1839 ἕρκεσι
1523 1761 1895 1838 ἐμπαλασσό-

288 1873 447 1924 μενοι
487 1851 922 1928 διαφθείρονται·
963 1851 1173 1919 τούτων
1207 1851 1312 1926 μὲν
1353 1848 1493 1925 αὕτη
1517 1847 1556 1924 ἦ
1581 1848 1760 1928 μάχη·
1803 1850 1896 1909 καὶ

196 1937 271 1996 86
290 1937 665 2018 ἐπετετάχατο
704 1941 759 2002 ἐς
796 1939 929 2001 τοῦς
955 1938 1199 2015 Πέρσας.
1287 1937 1478 2012 Μῆδοι
1505 1937 1564 1996 δὲ
1589 1937 1797 2016 τήνπερ
1835 1943 1894 1999 ἐν

289 2030 365 2103 τῷ
390 2025 536 2104 πεζῷ
567 2027 721 2106 εἶχον
757 2026 983 2102 σκευήν·
1026 2025 1119 2084 καὶ
1148 2025 1388 2084 Κίσσιοι
1431 2025 1709 2089 ὦσαύτως.
1793 2026 1893 2088 Ἰν-

288 2112 375 2172 δοὶ
403 2113 463 2171 δὲ
488 2118 661 2192 σκευῇ
687 2115 791 2190 μὲν
817 2113 1138 2193 ἐσεσάχατο
1165 2118 1238 2190 τῇ
1257 2113 1398 2192 αὐτῇ
1427 2114 1517 2171 καὶ
1546 2118 1603 2172 ἐν
1629 2119 1704 2192 τῷ
1730 2115 1890 2193 πεζῷ,

289 2200 535 2274 ἤλαυνον
577 2201 636 2260 δὲ
680 2201 915 2277 κέλητας
952 2201 1046 2262 καὶ
1082 2201 1322 2279 ἅρματα·
1366 2200 1475 2260 ὖπὸ
1511 2201 1569 2258 δὲ
1609 2205 1762 2260 τοῖσι
1799 2201 1890 2279 ἅρ-

287 2313 433 2364 μασι
468 2287 695 2365 ὖπῆσαν
740 2289 900 2348 ἵπποι
942 2290 1034 2349 καὶ
1068 2288 1190 2349 ὄνοι
1233 2287 1436 2370 ἄγριοι.
1523 2287 1790 2364 Βάκτριοι
1833 2291 1893 2348 δὲ

287 2375 623 2437 ἐσκευάδατο
666 2376 927 2441 &arath-me
964 2378 1055 2437 καὶ
1094 2383 1152 2438 ἐν
1181 2359 1263 2456 τῷ
1297 2378 1463 2459 πεζῷ,
1497 2376 1591 2435 καὶ
1634 2376 1891 2436 Κάσπιοι

287 2461 507 2538 ὁμοίως.
586 2466 798 2540 Λίβυες
840 2467 898 2524 δὲ
940 2467 1031 2525 καὶ
1074 2465 1230 2525 αὐτοὶ
1266 2464 1511 2542 κατάπερ
1539 2468 1598 2523 ἐν
1622 2467 1699 2542 τῷ
1725 2466 1888 2544 πεζῷ·

284 2549 529 2626 ἤλαυνον
559 2553 618 2612 δὲ
654 2553 746 2612 καὶ
788 2551 943 2614 οὗτοι
982 2553 1185 2616 πάντες
1217 2551 1458 2630 ἅρματα.
1543 2550 1616 2614 ὣς
1643 2550 1688 2609 δ’
1716 2551 1892 2616 αὕτως

286 2637 606 2719 Κάσπειροι
646 2641 739 2699 καὶ
767 2641 1099 2720 Παρικάνιοι
1135 2640 1454 2720 ἐσεσάχατο
1482 2638 1684 2718 ὁμοίως
1711 2641 1803 2699 καὶ
1833 2646 1890 2701 ἐν

280 2729 358 2804 τῷ
393 2729 556 2808 πεζῷ.
636 2728 901 2807 Ἀράβιοι
928 2731 988 2790 δὲ
1014 2729 1224 2806 σκευὴν
1248 2731 1351 2805 μὲν
1380 2727 1534 2808 εἶχον
1568 2726 1674 2803 τήν
1715 2726 1890 2803 αὐτὴν

280 2812 351 2888 ἢν
393 2815 487 2873 καὶ
529 2820 587 2876 ἐν
627 2821 704 2895 τῷ
746 2819 910 2897 πεζῷ·
952 2817 1200 2893 ἤλαυνον
1242 2817 1301 2876 δὲ
1331 2815 1544 2879 »πάντες
1583 2814 1885 2890 καμήλους,

189 2901 263 2962 87
281 2907 565 2981 ταχυτῆτα
609 2904 675 2963 οὗ
716 2907 1048 2982 λειπομένας
1095 2906 1299 2965 ἵππων.
1381 2907 1571 2964 Ταῦτα
1612 2901 1684 2964 τοὶ
1729 2902 1886 2962 ἔθνεα

279 2994 461 3065 μοῦνα
502 2991 748 3054 ἵππευεν·
790 2993 1025 3072 ἀριθμὸς
1052 2993 1111 3053 δὲ
1136 2997 1238 3068 τῆς
1266 2992 1440 3052 ἵππου
1482 2993 1698 3073 ἐγένετο
1742 2988 1888 3049 ὀκτὼ

278 3079 553 3154 μυριάδες,
578 3081 759 3160 πάρεξ
781 3087 892 3142 τῷν
920 3081 1185 3159 καμήλων
1213 3081 1305 3139 καὶ
1331 3085 1440 3141 τῶν
1467 3079 1746 3156 άρμάτων.
1831 3081 1884 3136 οἳ

276 3165 383 3240 μέν
422 3193 520 3228 νυν
552 3167 726 3230 ἄλλοι
761 3171 952 3233 ἱππέες
990 3169 1290 3249 ἐτετάχατο
1329 3167 1469 3227 κατὰ
1505 3169 1689 3235 τέλεα,
1717 3163 1884 3241 Ἀρά-

278 3252 402 3324 βιοι
442 3254 503 3313 δὲ
544 3257 776 3336 ἔσχατοι
820 3257 1212 3335 ἐπετετάχατο·
1259 3255 1356 3315 ἅτε
1395 3253 1508 3335 γὰρ
1551 3257 1661 3312 τῶν
1701 3253 1884 3312 ἵππων
