2259 3500
317 124 413 173 276
478 156 484 159 -
523 176 526 179 ‚
931 121 1300 171 ἨΡΟΔΟΤΟΤ
1722 116 1904 175 [VIII.

316 202 538 275 ἔφασαν
564 200 762 258 δίκαιοι
795 199 936 261 εἶναι
967 198 1375 275 ἀπολαβόντες,
1402 199 1543 259 οὕτω
1570 196 1785 267 ἐξιέναι·
1829 201 1911 259 ἐν·-

317 288 495 347 θαΰτα
527 286 559 346 ὁ
594 285 875 361 βασιλεῦς
897 290 998 347 τοῦ
1025 288 1236 362 μισθοῦ
1261 286 1389 363 πέρι
1416 284 1677 357 ἀκούσας,
1707 283 1778 361 ἦν
1801 283 1913 366 γὰρ

317 400 458 433 κατα
489 373 595 450 τήν
632 374 977 450 καπνοδόκην
1013 380 1067 437 ἐς
1099 374 1200 433 τὸν
1238 373 1391 433 οἶκον
1424 374 1635 451 ἐσέχων
1670 372 1703 432 ὁ
1733 372 1910 449 ἥλιος,

317 462 436 521 εἶπε
476 461 809 538 θεοβλαβὴς
853 460 1168 542 γενόμενος·
1224 472 1258 497 “
1272 460 1483 537 μισθόν
1524 460 1585 519 δὲ
1622 458 1754 537 υμῖν
1806 460 1913 541 ἐγω

314 548 494 625 ὗμέων
530 548 684 619 ἄξιον
713 549 872 625 τόνδε
899 548 1261 626 ἄποδίδωμιγ
1287 548 1468 619 δείξας
1491 547 1591 607 τόν
1616 547 1793 623 ἥλιον.
1878 575 1911 608 ο

318 638 423 713 μὲν
459 636 527 713 δή
565 636 816 712 Γαυάνης
839 662 902 697 τε
928 637 1020 695 καὶ
1047 636 1078 696 ὁ
1109 636 1393 714 Ἀέροπος,
1426 640 1479 695 οἱ
1513 634 1907 713 πρεσβύτεροι,

317 724 569 785 ἔστασαν
611 725 1072 805 ἐκπεπληγμένοι,
1119 724 1191 788 ὥς
1233 722 1482 800 ἥκουσαν
1520 726 1715 783 ταῦτα·
1773 722 1805 783 ὅ
1852 723 1913 784 δὲ

313 817 460 882 παῖς,
499 811 764 893 ἐτύγχανε
787 812 897 893 γοῖρ
924 814 1064 891 ἔχων
1087 811 1385 892 μάχαιραν,
1410 812 1567 873 εἶπας
1590 810 1741 870 τάδε·
1784 821 1819 847 “
1830 810 1911 869 δε-
1992 870 2012 888 ,

319 899 546 977 κόμεθα,
579 899 620 958 ὦ
659 902 926 975 βασιλεῦ,
945 899 1026 959 -τοῖ
1065 898 1293 963 διδοῖς·”
1336 897 1673 981 περιγράφει
1704 900 1778 976 τῇ
1806 924 1906 975 μα-

314 990 484 1067 χαίρῃ
512 993 566 1051 ἐς
591 988 656 1048 τὸ
685 988 888 1064 ἔδαφος
912 992 1012 1048 τοῦ
1039 988 1195 1047 οἴκου
1218 986 1317 1047 τὸν
1342 986 1525 1065 ἥλιον·
1564 986 1913 1068 περιγράψας

315 1076 386 1149 δὲ,
421 1081 476 1138 ἐς
499 1076 599 1135 τᾶν
624 1075 836 1135 κόλπον
871 1076 989 1152 τρὶς
1024 1074 1373 1153 ἀρυσάμενος
1395 1078 1497 1136 τοῦ
1520 1074 1702 1151 ἡλίου,
1731 1075 1910 1133 α’παλ-

223 1164 338 1221 138
357 1163 612 1222 λάσσετο
640 1160 804 1224 αὐτός
834 1187 896 1221 τε
929 1163 1022 1220 καὶ
1056 1165 1111 1221 οἱ
1146 1161 1265 1239 μετ’
1295 1163 1521 1222 ἐκείνου.
1607 1165 1681 1221 Οἱ
1711 1164 1816 1238 μὲν
1842 1162 1910 1238 δή

315 1248 584 1324 ἀπήῖσαν·
624 1252 702 1327 τῷ
727 1249 786 1307 δὲ
810 1244 1053 1324 βασιλέῗ
1078 1250 1341 1325 σημαίνει
1371 1275 1456 1313 τις
1490 1252 1601 1309 τῶν
1626 1250 1912 1327 παρέδρων

315 1336 432 1397 οἶόν
455 1362 510 1396 τι
535 1340 730 1415 χρῆμα
749 1336 1004 1412 ποιήσειε
1029 1336 1062 1397 ὁ
1088 1341 1237 1407 παῖς,
1266 1336 1358 1396 καὶ
1379 1336 1449 1401 ὥς
1468 1336 1576 1397 σῦν
1596 1336 1703 1416 νόῳ
1724 1338 1911 1398 κείνων

315 1423 347 1483 ὁ
375 1424 640 1487 νεώτατος
664 1424 843 1500 λάβοι
876 1424 948 1484 ταῖ
986 1424 1262 1502 διδόμενα·
1305 1425 1337 1485 ὁ
1363 1426 1424 1484 δὲ
1448 1430 1623 1485 ταῦτα
1648 1424 1909 1505 ἀκούσας,

315 1513 406 1571 καὶ
443 1512 700 1582 ὀξυνθεὶς,
727 1514 936 1589 πέμπει
969 1512 1053 1572 ἐπ’
1081 1512 1282 1576 αὐτοῦς
1319 1515 1519 1577 ἱππέας
1548 1512 1905 1576 ἀπολέοντας.

312 1599 567 1677 ποταμός
603 1600 667 1659 δέ
705 1605 828 1659 ἐστι
869 1606 928 1661 ἐν
965 1606 1037 1679 τῇ
1075 1600 1232 1680 χώρῃ
1271 1601 1461 1680 ταύτῃ,
1501 1605 1579 1679 τῷ
1620 1600 1817 1661 θύουσι
1856 1603 1907 1661 οἳ
1943 1644 1949 1649 -

315 1688 525 1748 τούτων
559 1692 670 1749 τῶν
699 1687 910 1767 ἀνδρῶν
945 1687 1041 1747 ἀπ’
1065 1689 1303 1769 Ἀργεος
1341 1688 1611 1770 ἀπόγονοι
1643 1688 1917 1766 σωτήρια·

314 1774 490 1848 οὗτος,
529 1777 654 1836 ἐπεί
687 1803 750 1838 τε
790 1777 1067 1853 διέβησαν
1107 1781 1162 1836 οἱ
1201 1777 1516 1853 Τημενίδαι,
1553 1777 1729 1856 μέγας
1770 1776 1909 1836 οὕτω

315 1864 479 1942 ἐρρύη
505 1863 652 1924 ὥστε
675 1889 808 1928 τους
834 1865 1034 1927 ιππέας
1051 1889 1135 1940 μη
1164 1865 1313 1927 οἵους
1336 1890 1397 1924 τε
1426 1863 1689 1946 γενέσθαι
1710 1864 1905 1940 διαβῆ-

310 1978 420 2013 ναι.
476 1979 530 2032 οι
556 1950 695 2023 δὲ,’
659 1951 984 2028 απικόμενοι
1003 1957 1059 2014 ἐς
1086 1951 1272 2028 ἄλλην
1291 1957 1401 2032 γῆν
1418 1955 1520 2028 τῆς
1545 1952 1907 2029 Μακεδονίης,

313 2042 548 2116 οἴκησαν
566 2042 744 2102 πέλας
761 2029 870 2099 τῶν
891 2038 1079 2114 κήπων
1093 2043 1203 2099 τῶν
1222 2041 1539 2121 λεγομένων
1560 2039 1697 2100 εἶναι
1720 2041 1909 2100 Μίδεω

308 2132 410 2186 τοῦ
453 2127 708 2204 Γορδίεω·
769 2131 827 2185 ἐν
871 2130 1024 2185 τοῖσι
1069 2127 1269 2201 φύεται
1318 2125 1605 2204 αυτόματα
1647 2127 1910 2205 ῥόδα,εν

312 2215 550 2274 ἕκαστον
578 2215 707 2293 ἔχον
733 2213 996 2290 ἐξήκοντα
1025 2214 1238 2290 φύλλα,
1267 2213 1413 2294 ὀδμῇ
1438 2240 1500 2274 τε
1526 2215 1909 2292 ὑπερφέροντα

310 2305 420 2360 τῶν
439 2300 648 2361 ἄλλων.
703 2307 760 2362 ἐν
777 2302 1030 2362 τούτοισι
1050 2303 1143 2361 καὶ
1170 2302 1201 2362 ὁ
1232 2303 1473 2378 Σιληνός
1497 2306 1649 2362 τοῖσι
1678 2303 1910 2378 κήποισι

310 2387 447 2464 ἥλω,
476 2388 547 2452 οἷς
571 2390 798 2470 λέγεται
822 2389 930 2450 ὖπό
954 2389 1307 2450 Μακεδόνων·
1336 2389 1475 2467 ὑπὲρ
1502 2391 1561 2450 δὲ
1586 2394 1699 2450 τῶν
1724 2390 1909 2466 κήπων

313 2474 474 2553 οὖρος
501 2477 694 2550 κέεται,
726 2478 968 2554 Βέρμιον
995 2477 1219 2555 οὕνομα,
1244 2477 1463 2554 ἄβατον
1486 2477 1597 2538 ὖπό
1620 2482 1908 2557 χειμῶνος.

313 2565 560 2625 ἐνθεῦτεν
587 2565 646 2624 δὲ
673 2565 1026 2642 ὁρμεώμενοι,
1057 2565 1128 2628 (εἷς
1163 2564 1371 2641 ταύτην
1398 2567 1587 2643 ἔσχον,
1620 2565 1910 2642 κατεστρέψ

220 2653 331 2712 139
353 2658 530 2728 φοντο
558 2655 650 2712 καὶ
673 2653 777 2728 τὴν
802 2652 986 2728 ἄλλην
1015 2653 1391 2729 ’Μακεδονίην.
1450 2651 1596 2712 Ἀπό
1624 2652 1821 2711 τούτου
1841 2651 1911 2727 δή

309 2743 410 2799 τοῦ
437 2741 752 2817 Περδίκκεω
776 2729 1147 2818 Ἀλέξανδρος
1176 2737 1281 2799 ὦδε
1308 2739 1572 2820 ἐγεγόνεε.
1631 2738 1910 2816 Ἀμύντεω

314 2831 446 2890 παῖς
485 2827 556 2902 ἦν
594 2827 976 2906 Ἀλέξανδρος·
1027 2827 1305 2904 Ἀμύντης
1339 2828 1399 2887 δὲ
1428 2827 1723 2887 Ἀλκέτεω·
1778 2827 1909 2886 Ἀλ-

311 2916 474 2975 κέτεω
527 2915 586 2974 δὲ
630 2915 816 2993 πατὴρ
858 2915 928 2992 ἦν
978 2914 1269 2992 Ἀέροπος·
1335 2919 1437 2975 τοῦ
1492 2915 1551 2975 δὲ
1602 2916 1906 2978 Φίλιππος·

310 3003 596 3062 Φιλίππου
627 3004 688 3063 δὲ
721 3003 1002 3085 Ἀργαῖος·
1043 3007 1144 3062 τοῦ
1182 3003 1243 3062 δὲ
1278 3003 1590 3079 Περδίκκης
1626 3029 1659 3060 ο
1702 3001 1907 3078 κτησά-

309 3115 474 3167 μενος
499 3090 602 3165 τὴν
629 3090 829 3171 ἀρχήν.
913 3089 1163 3172 ἐγεγόνεε
1188 3092 1293 3166 μὲν
1318 3089 1387 3164 δή
1416 3086 1519 3148 ὦδε
1543 3089 1911 3167 Ἀλέξανδρος

315 3202 348 3236 ο
373 3175 672 3252 Ἀμύντεω.

269 3263 334 3320 ἐΟ
431 3263 528 3326 Ὡς
553 3264 610 3324 δὲ
635 3263 866 3326 ἀπίκετο
893 3268 950 3330 ἐς
971 3262 1074 3329 τὰς
1096 3262 1339 3340 Ἀθήνας
1374 3262 1765 3341 ἀποπεμφθεὶς
1800 3261 1911 3323 ὖπό
