<?xml version="1.0" encoding="UTF-8"?>
<!DOCTYPE html PUBLIC "-//W3C//DTD XHTML 1.0 Transitional//EN"
    "http://www.w3.org/TR/xhtml1/DTD/xhtml1-transitional.dtd">
<html xmlns="http://www.w3.org/1999/xhtml" xml:lang="en" lang="en">
 <head>
  <title>
</title>
<meta http-equiv="Content-Type" content="text/html;charset=utf-8" />
  <meta name='ocr-system' content='tesseract 3.04.00' />
  <meta name='ocr-capabilities' content='ocr_page ocr_carea ocr_par ocr_line ocrx_word'/>
</head>
<body>
  <div class='ocr_page' id='page_1' title='image "./herodotus18herogoog/herodotus18herogoog_0038.png"; bbox 0 0 2259 3500; ppageno 0'>
   <div class='ocr_carea' id='block_1_1' title="bbox 173 111 1886 3369">
    <p class='ocr_par' dir='ltr' id='par_1_1' title="bbox 282 111 1886 1347">
     <span class='ocr_line' id='line_1_1' title="bbox 288 111 1882 193; baseline 0.001 -17"><span class='ocrx_word' id='word_1_1' title='bbox 288 128 349 176; x_wconf 71' lang='grc' dir='ltr'>ιο</span> <span class='ocrx_word' id='word_1_2' title='bbox 899 111 1265 176; x_wconf 53' lang='lat' dir='ltr'>firmorum·</span> <span class='ocrx_word' id='word_1_3' title='bbox 1790 128 1882 193; x_wconf 87' lang='lat' dir='ltr'>[V.</span> 
     </span>
     <span class='ocr_line' id='line_1_2' title="bbox 287 206 1885 291; baseline 0.002 -23"><span class='ocrx_word' id='word_1_4' title='bbox 287 209 508 289; x_wconf 80' lang='grc' dir='ltr'>τανηΐῳ,</span> <span class='ocrx_word' id='word_1_5' title='bbox 541 208 639 268; x_wconf 90' lang='grc' dir='ltr'>καί</span> <span class='ocrx_word' id='word_1_6' title='bbox 672 231 770 284; x_wconf 89' lang='grc' dir='ltr'>μιν</span> <span class='ocrx_word' id='word_1_7' title='bbox 813 206 1005 285; x_wconf 82' lang='grc' dir='ltr'>ἵδρυσε</span> <span class='ocrx_word' id='word_1_8' title='bbox 1041 208 1278 268; x_wconf 82' lang='grc' dir='ltr'>ἐνθαῦτα</span> <span class='ocrx_word' id='word_1_9' title='bbox 1314 213 1373 268; x_wconf 87' lang='grc' dir='ltr'>ἐν</span> <span class='ocrx_word' id='word_1_10' title='bbox 1400 213 1478 287; x_wconf 76' lang='grc' dir='ltr'>τῷ</span> <span class='ocrx_word' id='word_1_11' title='bbox 1516 209 1885 291; x_wconf 77' lang='grc' dir='ltr'>ἰσχυροτάτῳ·</span> 
     </span>
     <span class='ocr_line' id='line_1_3' title="bbox 287 295 1885 379; baseline 0.002 -23"><span class='ocrx_word' id='word_1_12' title='bbox 287 296 601 378; x_wconf 79' lang='grc' dir='ltr'>ἐπηγάγετο</span> <span class='ocrx_word' id='word_1_13' title='bbox 641 297 700 356; x_wconf 85' lang='grc' dir='ltr'>δὲ</span> <span class='ocrx_word' id='word_1_14' title='bbox 738 295 838 357; x_wconf 82' lang='grc' dir='ltr'>τὸν</span> <span class='ocrx_word' id='word_1_15' title='bbox 878 295 1255 358; x_wconf 78' lang='grc' dir='ltr'>Μελάνιππον</span> <span class='ocrx_word' id='word_1_16' title='bbox 1294 297 1327 357; x_wconf 82' lang='grc' dir='ltr'>ὁ</span> <span class='ocrx_word' id='word_1_17' title='bbox 1362 299 1725 375; x_wconf 81' lang='grc' dir='ltr'>Κλεισθένης,</span> <span class='ocrx_word' id='word_1_18' title='bbox 1770 302 1885 379; x_wconf 84' lang='grc' dir='ltr'>(καὶ</span> 
     </span>
     <span class='ocr_line' id='line_1_4' title="bbox 285 383 1886 466; baseline 0.002 -22"><span class='ocrx_word' id='word_1_19' title='bbox 285 385 396 463; x_wconf 82' lang='grc' dir='ltr'>γοὶρ</span> <span class='ocrx_word' id='word_1_20' title='bbox 444 389 609 445; x_wconf 80' lang='grc' dir='ltr'>τοῦτο</span> <span class='ocrx_word' id='word_1_21' title='bbox 650 385 736 444; x_wconf 80' lang='grc' dir='ltr'>δεῖ</span> <span class='ocrx_word' id='word_1_22' title='bbox 783 383 1236 466; x_wconf 55' lang='grc' dir='ltr'>ἀπηγήσασθαι)</span> <span class='ocrx_word' id='word_1_23' title='bbox 1280 384 1353 450; x_wconf 77' lang='grc' dir='ltr'>ὥς</span> <span class='ocrx_word' id='word_1_24' title='bbox 1405 387 1668 464; x_wconf 82' lang='grc' dir='ltr'>ἔχθιστον</span> <span class='ocrx_word' id='word_1_25' title='bbox 1724 387 1886 448; x_wconf 86' lang='grc' dir='ltr'>ἐόντα</span> 
     </span>
     <span class='ocr_line' id='line_1_5' title="bbox 285 471 1881 553; baseline 0.003 -22"><span class='ocrx_word' id='word_1_26' title='bbox 285 471 596 553; x_wconf 76' lang='grc' dir='ltr'>Ἀδρήστῳ·</span> <span class='ocrx_word' id='word_1_27' title='bbox 645 472 708 536; x_wconf 78' lang='grc' dir='ltr'>ὃς</span> <span class='ocrx_word' id='word_1_28' title='bbox 746 472 845 534; x_wconf 88' lang='grc' dir='ltr'>τόν</span> <span class='ocrx_word' id='word_1_29' title='bbox 883 499 944 532; x_wconf 92' lang='grc' dir='ltr'>τε</span> <span class='ocrx_word' id='word_1_30' title='bbox 987 471 1268 548; x_wconf 87' lang='grc' dir='ltr'>α’,δελφεόν</span> <span class='ocrx_word' id='word_1_31' title='bbox 1310 477 1363 533; x_wconf 80' lang='grc' dir='ltr'>οἶ</span> <span class='ocrx_word' id='word_1_32' title='bbox 1406 475 1706 550; x_wconf 81' lang='grc' dir='ltr'>Μηκιστέα</span> <span class='ocrx_word' id='word_1_33' title='bbox 1752 473 1881 535; x_wconf 70' lang='grc' dir='ltr'>α’πε·</span> 
     </span>
     <span class='ocr_line' id='line_1_6' title="bbox 287 559 1885 643; baseline 0.003 -24"><span class='ocrx_word' id='word_1_34' title='bbox 287 561 474 622; x_wconf 89' lang='grc' dir='ltr'>κτόνεε</span> <span class='ocrx_word' id='word_1_35' title='bbox 515 560 606 620; x_wconf 81' lang='grc' dir='ltr'>καὶ</span> <span class='ocrx_word' id='word_1_36' title='bbox 645 559 746 621; x_wconf 82' lang='grc' dir='ltr'>τόν</span> <span class='ocrx_word' id='word_1_37' title='bbox 783 560 1050 643; x_wconf 80' lang='grc' dir='ltr'>γαμβρόν</span> <span class='ocrx_word' id='word_1_38' title='bbox 1097 560 1295 620; x_wconf 84' lang='grc' dir='ltr'>Τυδέα·</span> <span class='ocrx_word' id='word_1_39' title='bbox 1352 562 1477 620; x_wconf 86' lang='grc' dir='ltr'>ἐπεί</span> <span class='ocrx_word' id='word_1_40' title='bbox 1513 587 1575 621; x_wconf 88' lang='grc' dir='ltr'>τε</span> <span class='ocrx_word' id='word_1_41' title='bbox 1616 563 1679 622; x_wconf 88' lang='grc' dir='ltr'>δέ</span> <span class='ocrx_word' id='word_1_42' title='bbox 1718 566 1771 622; x_wconf 77' lang='grc' dir='ltr'>οἱ</span> <span class='ocrx_word' id='word_1_43' title='bbox 1816 563 1885 624; x_wconf 79' lang='grc' dir='ltr'><em>τό</em></span> 
     </span>
     <span class='ocr_line' id='line_1_7' title="bbox 284 648 1883 728; baseline 0.003 -22"><span class='ocrx_word' id='word_1_44' title='bbox 284 648 510 725; x_wconf 89' lang='grc' dir='ltr'>τέμενος</span> <span class='ocrx_word' id='word_1_45' title='bbox 561 649 807 722; x_wconf 73' lang='grc' dir='ltr'>ἀπέδεξε,</span> <span class='ocrx_word' id='word_1_46' title='bbox 866 649 1064 711; x_wconf 80' lang='grc' dir='ltr'>θυσίας</span> <span class='ocrx_word' id='word_1_47' title='bbox 1107 673 1171 708; x_wconf 91' lang='grc' dir='ltr'>τε</span> <span class='ocrx_word' id='word_1_48' title='bbox 1217 648 1311 707; x_wconf 83' lang='grc' dir='ltr'>καὶ</span> <span class='ocrx_word' id='word_1_49' title='bbox 1356 648 1523 726; x_wconf 74' lang='grc' dir='ltr'>ὁρτὰς</span> <span class='ocrx_word' id='word_1_50' title='bbox 1565 648 1883 728; x_wconf 83' lang='grc' dir='ltr'>Ἀδρήστου</span> 
     </span>
     <span class='ocr_line' id='line_1_8' title="bbox 285 735 1884 817; baseline 0.003 -23"><span class='ocrx_word' id='word_1_51' title='bbox 285 735 633 817; x_wconf 73' lang='grc' dir='ltr'>ἀπελόμενος</span> <span class='ocrx_word' id='word_1_52' title='bbox 659 737 829 796; x_wconf 81' lang='grc' dir='ltr'>ἔδωκε</span> <span class='ocrx_word' id='word_1_53' title='bbox 850 741 927 816; x_wconf 72' lang='grc' dir='ltr'>τῷ</span> <span class='ocrx_word' id='word_1_54' title='bbox 963 738 1337 817; x_wconf 88' lang='grc' dir='ltr'>Μελανίππῳ.</span> <span class='ocrx_word' id='word_1_55' title='bbox 1420 740 1473 796; x_wconf 78' lang='grc' dir='ltr'>οἱ</span> <span class='ocrx_word' id='word_1_56' title='bbox 1500 737 1559 796; x_wconf 77' lang='grc' dir='ltr'>δὲ</span> <span class='ocrx_word' id='word_1_57' title='bbox 1594 736 1884 802; x_wconf 71' lang='grc' dir='ltr'>Σικυώνιοι</span> 
     </span>
     <span class='ocr_line' id='line_1_9' title="bbox 284 823 1882 908; baseline 0.002 -25"><span class='ocrx_word' id='word_1_58' title='bbox 284 825 532 887; x_wconf 75' lang='grc' dir='ltr'>ἐώθεσαν</span> <span class='ocrx_word' id='word_1_59' title='bbox 563 826 891 908; x_wconf 81' lang='grc' dir='ltr'>μεγαλωστὶ</span> <span class='ocrx_word' id='word_1_60' title='bbox 927 825 1102 903; x_wconf 77' lang='grc' dir='ltr'>κάρτα</span> <span class='ocrx_word' id='word_1_61' title='bbox 1135 830 1304 902; x_wconf 80' lang='grc' dir='ltr'>τιμᾶν</span> <span class='ocrx_word' id='word_1_62' title='bbox 1338 824 1437 885; x_wconf 76' lang='grc' dir='ltr'>τὸν</span> <span class='ocrx_word' id='word_1_63' title='bbox 1461 823 1803 902; x_wconf 64' lang='grc' dir='ltr'>’Ἄδρηστον</span> <span class='ocrx_word' id='word_1_64' title='bbox 1842 826 1882 902; x_wconf 79' lang='grc' dir='ltr'><em>ἦ</em></span> 
     </span>
     <span class='ocr_line' id='line_1_10' title="bbox 282 911 1883 994; baseline 0.001 -22"><span class='ocrx_word' id='word_1_65' title='bbox 282 912 394 994; x_wconf 69' lang='grc' dir='ltr'>γὰρ</span> <span class='ocrx_word' id='word_1_66' title='bbox 437 914 594 994; x_wconf 91' lang='grc' dir='ltr'>χώρη</span> <span class='ocrx_word' id='word_1_67' title='bbox 639 914 706 992; x_wconf 87' lang='grc' dir='ltr'>ἦν</span> <span class='ocrx_word' id='word_1_68' title='bbox 747 912 887 990; x_wconf 80' lang='grc' dir='ltr'>αὕτη</span> <span class='ocrx_word' id='word_1_69' title='bbox 930 913 1228 989; x_wconf 71' lang='grc' dir='ltr'>Πολύβου·</span> <span class='ocrx_word' id='word_1_70' title='bbox 1287 912 1319 973; x_wconf 79' lang='grc' dir='ltr'>ὁ</span> <span class='ocrx_word' id='word_1_71' title='bbox 1364 912 1424 972; x_wconf 84' lang='grc' dir='ltr'>δὲ</span> <span class='ocrx_word' id='word_1_72' title='bbox 1453 911 1773 990; x_wconf 73' lang='grc' dir='ltr'>’Ἄδρηστος</span> <span class='ocrx_word' id='word_1_73' title='bbox 1813 912 1883 990; x_wconf 85' lang='grc' dir='ltr'>ἦν</span> 
     </span>
     <span class='ocr_line' id='line_1_11' title="bbox 284 999 1881 1083; baseline 0.001 -24"><span class='ocrx_word' id='word_1_74' title='bbox 284 1002 569 1081; x_wconf 84' lang='grc' dir='ltr'>Πολύβου</span> <span class='ocrx_word' id='word_1_75' title='bbox 603 1003 975 1083; x_wconf 80' lang='grc' dir='ltr'>θυγατριδέος·</span> <span class='ocrx_word' id='word_1_76' title='bbox 1019 999 1186 1065; x_wconf 79' lang='grc' dir='ltr'>ἅπαις</span> <span class='ocrx_word' id='word_1_77' title='bbox 1212 1002 1271 1061; x_wconf 79' lang='grc' dir='ltr'>δὲ</span> <span class='ocrx_word' id='word_1_78' title='bbox 1304 1001 1579 1078; x_wconf 88' lang='grc' dir='ltr'>Πόλυβος</span> <span class='ocrx_word' id='word_1_79' title='bbox 1607 1005 1881 1061; x_wconf 77' lang='grc' dir='ltr'>τελευτῶν</span> 
     </span>
     <span class='ocr_line' id='line_1_12' title="bbox 285 1087 1882 1169; baseline 0.001 -22"><span class='ocrx_word' id='word_1_80' title='bbox 285 1089 429 1149; x_wconf 81' lang='grc' dir='ltr'>διδοῖ</span> <span class='ocrx_word' id='word_1_81' title='bbox 475 1090 767 1169; x_wconf 79' lang='grc' dir='ltr'>Ἀδρήστῳ</span> <span class='ocrx_word' id='word_1_82' title='bbox 817 1089 921 1165; x_wconf 78' lang='grc' dir='ltr'>τήν</span> <span class='ocrx_word' id='word_1_83' title='bbox 978 1087 1177 1166; x_wconf 72' lang='grc' dir='ltr'>ἀρχήν.</span> <span class='ocrx_word' id='word_1_84' title='bbox 1256 1088 1329 1149; x_wconf 76' lang='grc' dir='ltr'>τά</span> <span class='ocrx_word' id='word_1_85' title='bbox 1380 1115 1443 1149; x_wconf 91' lang='grc' dir='ltr'>τε</span> <span class='ocrx_word' id='word_1_86' title='bbox 1496 1089 1565 1165; x_wconf 77' lang='grc' dir='ltr'>δή</span> <span class='ocrx_word' id='word_1_87' title='bbox 1619 1087 1773 1149; x_wconf 81' lang='grc' dir='ltr'>ἅλλα</span> <span class='ocrx_word' id='word_1_88' title='bbox 1827 1093 1882 1148; x_wconf 83' lang='grc' dir='ltr'>οἶ</span> 
     </span>
     <span class='ocr_line' id='line_1_13' title="bbox 285 1173 1879 1254; baseline 0.001 -20"><span class='ocrx_word' id='word_1_89' title='bbox 285 1177 574 1240; x_wconf 73' lang='grc' dir='ltr'>Σικυώνιοι</span> <span class='ocrx_word' id='word_1_90' title='bbox 615 1178 812 1254; x_wconf 78' lang='grc' dir='ltr'>ἐτίμων</span> <span class='ocrx_word' id='word_1_91' title='bbox 850 1177 950 1237; x_wconf 76' lang='grc' dir='ltr'>τὸν</span> <span class='ocrx_word' id='word_1_92' title='bbox 979 1174 1316 1254; x_wconf 74' lang='grc' dir='ltr'>”Αδρηστον,</span> <span class='ocrx_word' id='word_1_93' title='bbox 1367 1177 1461 1236; x_wconf 90' lang='grc' dir='ltr'>καὶ</span> <span class='ocrx_word' id='word_1_94' title='bbox 1502 1176 1570 1253; x_wconf 77' lang='grc' dir='ltr'>δὴ</span> <span class='ocrx_word' id='word_1_95' title='bbox 1607 1177 1765 1253; x_wconf 84' lang='grc' dir='ltr'>πρὸς,</span> <span class='ocrx_word' id='word_1_96' title='bbox 1806 1173 1879 1238; x_wconf 81' lang='grc' dir='ltr'>τοὶ</span> 
     </span>
     <span class='ocr_line' id='line_1_14' title="bbox 282 1263 1878 1347; baseline 0.001 -23"><span class='ocrx_word' id='word_1_97' title='bbox 282 1263 467 1324; x_wconf 75' lang='grc' dir='ltr'>πάθεα</span> <span class='ocrx_word' id='word_1_98' title='bbox 503 1264 674 1325; x_wconf 75' lang='grc' dir='ltr'>αὐτοῦ</span> <span class='ocrx_word' id='word_1_99' title='bbox 703 1267 1021 1347; x_wconf 83' lang='grc' dir='ltr'>τραγικοῖσι</span> <span class='ocrx_word' id='word_1_100' title='bbox 1052 1268 1280 1343; x_wconf 82' lang='grc' dir='ltr'>χοροῖσι</span> <span class='ocrx_word' id='word_1_101' title='bbox 1316 1265 1615 1346; x_wconf 78' lang='grc' dir='ltr'>ἐγέραιρον,</span> <span class='ocrx_word' id='word_1_102' title='bbox 1640 1265 1741 1326; x_wconf 77' lang='grc' dir='ltr'>τᾶν</span> <span class='ocrx_word' id='word_1_103' title='bbox 1775 1268 1878 1341; x_wconf 78' lang='grc' dir='ltr'>μὲν</span> 
     </span>
    </p>

    <p class='ocr_par' dir='ltr' id='par_1_2' title="bbox 195 1351 1875 1431">
     <span class='ocr_line' id='line_1_15' title="bbox 195 1351 1875 1431; baseline 0.001 -21"><span class='ocrx_word' id='word_1_104' title='bbox 195 1399 208 1410; x_wconf 91' lang='grc'>.</span> <span class='ocrx_word' id='word_1_105' title='bbox 282 1352 563 1414; x_wconf 88' lang='grc' dir='ltr'>Διόνυσον</span> <span class='ocrx_word' id='word_1_106' title='bbox 604 1353 668 1413; x_wconf 80' lang='grc' dir='ltr'>οὗ</span> <span class='ocrx_word' id='word_1_107' title='bbox 708 1354 1010 1431; x_wconf 87' lang='grc' dir='ltr'>τιμέωντες,</span> <span class='ocrx_word' id='word_1_108' title='bbox 1062 1353 1164 1414; x_wconf 82' lang='grc' dir='ltr'>τὸν</span> <span class='ocrx_word' id='word_1_109' title='bbox 1218 1353 1277 1412; x_wconf 82' lang='grc' dir='ltr'>δὲ</span> <span class='ocrx_word' id='word_1_110' title='bbox 1311 1351 1651 1430; x_wconf 77' lang='grc' dir='ltr'>Ἄδρηστον·</span> <span class='ocrx_word' id='word_1_111' title='bbox 1707 1357 1875 1412; x_wconf 91' lang='grc' dir='ltr'>Κλει-</span> 
     </span>
    </p>

    <p class='ocr_par' dir='ltr' id='par_1_3' title="bbox 173 1439 1877 1608">
     <span class='ocr_line' id='line_1_16' title="bbox 173 1439 1877 1521; baseline -0.001 -19"><span class='ocrx_word' id='word_1_112' title='bbox 173 1462 177 1469; x_wconf 91' lang='grc'><strong><em>’</em></strong></span> <span class='ocrx_word' id='word_1_113' title='bbox 207 1447 212 1451; x_wconf 72' lang='grc'><strong>’</strong></span> <span class='ocrx_word' id='word_1_114' title='bbox 285 1441 488 1518; x_wconf 86' lang='grc' dir='ltr'>σθένης</span> <span class='ocrx_word' id='word_1_115' title='bbox 529 1441 588 1501; x_wconf 78' lang='grc' dir='ltr'>δὲ</span> <span class='ocrx_word' id='word_1_116' title='bbox 626 1441 829 1521; x_wconf 77' lang='grc' dir='ltr'>χοροῦς</span> <span class='ocrx_word' id='word_1_117' title='bbox 853 1444 958 1518; x_wconf 79' lang='grc' dir='ltr'>μὲν</span> <span class='ocrx_word' id='word_1_118' title='bbox 982 1444 1059 1519; x_wconf 76' lang='grc' dir='ltr'>τῷ</span> <span class='ocrx_word' id='word_1_119' title='bbox 1084 1440 1345 1521; x_wconf 77' lang='grc' dir='ltr'>Διονύσῳ</span> <span class='ocrx_word' id='word_1_120' title='bbox 1374 1439 1638 1511; x_wconf 69' lang='grc' dir='ltr'>ἀπέδωκε,</span> <span class='ocrx_word' id='word_1_121' title='bbox 1672 1439 1779 1517; x_wconf 77' lang='grc' dir='ltr'>τήν</span> <span class='ocrx_word' id='word_1_122' title='bbox 1817 1441 1877 1500; x_wconf 84' lang='grc' dir='ltr'>δὲ</span> 
     </span>
     <span class='ocr_line' id='line_1_17' title="bbox 281 1528 1875 1608; baseline 0 -20"><span class='ocrx_word' id='word_1_123' title='bbox 281 1528 468 1606; x_wconf 76' lang='grc' dir='ltr'>ἄλλην</span> <span class='ocrx_word' id='word_1_124' title='bbox 494 1531 694 1607; x_wconf 87' lang='grc' dir='ltr'>θυσίην</span> <span class='ocrx_word' id='word_1_125' title='bbox 720 1533 794 1608; x_wconf 57' lang='lat' dir='ltr'>‘rig‘</span> <span class='ocrx_word' id='word_1_126' title='bbox 821 1529 1193 1608; x_wconf 88' lang='grc' dir='ltr'>Μελανίππῳ.</span> <span class='ocrx_word' id='word_1_127' title='bbox 1274 1533 1451 1589; x_wconf 83' lang='grc' dir='ltr'>ταῦτα</span> <span class='ocrx_word' id='word_1_128' title='bbox 1473 1531 1577 1606; x_wconf 82' lang='grc' dir='ltr'>μὲν</span> <span class='ocrx_word' id='word_1_129' title='bbox 1602 1533 1657 1592; x_wconf 86' lang='grc' dir='ltr'>ἐς</span> <span class='ocrx_word' id='word_1_130' title='bbox 1673 1528 1875 1607; x_wconf 76' lang='grc' dir='ltr'>Ἀδρη-</span> 
     </span>
    </p>

    <p class='ocr_par' dir='ltr' id='par_1_4' title="bbox 189 1616 1881 3017">
     <span class='ocr_line' id='line_1_18' title="bbox 189 1616 1875 1695; baseline 0.001 -20"><span class='ocrx_word' id='word_1_131' title='bbox 189 1618 266 1676; x_wconf 89' lang='grc'>68</span> <span class='ocrx_word' id='word_1_132' title='bbox 283 1617 423 1678; x_wconf 81' lang='grc' dir='ltr'>στόν</span> <span class='ocrx_word' id='word_1_133' title='bbox 450 1621 504 1679; x_wconf 79' lang='grc' dir='ltr'>οἶ</span> <span class='ocrx_word' id='word_1_134' title='bbox 527 1618 817 1694; x_wconf 85' lang='grc' dir='ltr'>πεποίητο.</span> <span class='ocrx_word' id='word_1_135' title='bbox 876 1616 1151 1680; x_wconf 77' lang='grc' dir='ltr'>Φυλοὶςδὲ</span> <span class='ocrx_word' id='word_1_136' title='bbox 1171 1616 1270 1680; x_wconf 59' lang='lat' dir='ltr'>wls·</span> <span class='ocrx_word' id='word_1_137' title='bbox 1291 1618 1560 1695; x_wconf 84' lang='grc' dir='ltr'>Δωριέων,</span> <span class='ocrx_word' id='word_1_138' title='bbox 1585 1617 1673 1678; x_wconf 84' lang='grc' dir='ltr'>ἵνα</span> <span class='ocrx_word' id='word_1_139' title='bbox 1700 1617 1767 1694; x_wconf 81' lang='grc' dir='ltr'>δή</span> <span class='ocrx_word' id='word_1_140' title='bbox 1792 1616 1875 1694; x_wconf 81' lang='grc' dir='ltr'><em>μή</em></span> 
     </span>
     <span class='ocr_line' id='line_1_19' title="bbox 282 1703 1871 1786; baseline 0 -21"><span class='ocrx_word' id='word_1_141' title='bbox 282 1708 340 1766; x_wconf 77' lang='grc' dir='ltr'>αἱ</span> <span class='ocrx_word' id='word_1_142' title='bbox 367 1705 527 1769; x_wconf 74' lang='grc' dir='ltr'>αὐταὶ</span> <span class='ocrx_word' id='word_1_143' title='bbox 554 1707 686 1767; x_wconf 83' lang='grc' dir='ltr'>ἔωσι</span> <span class='ocrx_word' id='word_1_144' title='bbox 709 1708 862 1767; x_wconf 84' lang='grc' dir='ltr'>τοῖσι</span> <span class='ocrx_word' id='word_1_145' title='bbox 879 1705 1230 1771; x_wconf 82' lang='grc' dir='ltr'>Σικυωνίοισι</span> <span class='ocrx_word' id='word_1_146' title='bbox 1255 1705 1349 1764; x_wconf 84' lang='grc' dir='ltr'>καὶ</span> <span class='ocrx_word' id='word_1_147' title='bbox 1372 1708 1527 1765; x_wconf 79' lang='grc' dir='ltr'>τοῖσι</span> <span class='ocrx_word' id='word_1_148' title='bbox 1550 1703 1871 1786; x_wconf 86' lang='grc' dir='ltr'>Ἀργείοισι,</span> 
     </span>
     <span class='ocr_line' id='line_1_20' title="bbox 279 1793 1875 1873; baseline -0.001 -18"><span class='ocrx_word' id='word_1_149' title='bbox 279 1797 564 1873; x_wconf 85' lang='grc' dir='ltr'>μετέβαλε</span> <span class='ocrx_word' id='word_1_150' title='bbox 606 1800 661 1859; x_wconf 86' lang='grc' dir='ltr'>ἐς</span> <span class='ocrx_word' id='word_1_151' title='bbox 701 1794 855 1855; x_wconf 77' lang='grc' dir='ltr'>ἄλλα</span> <span class='ocrx_word' id='word_1_152' title='bbox 910 1793 1207 1870; x_wconf 74' lang='grc' dir='ltr'>οὐνόματα·</span> <span class='ocrx_word' id='word_1_153' title='bbox 1279 1794 1409 1852; x_wconf 83' lang='grc' dir='ltr'>ἔνθα</span> <span class='ocrx_word' id='word_1_154' title='bbox 1460 1793 1552 1851; x_wconf 87' lang='grc' dir='ltr'>καὶ</span> <span class='ocrx_word' id='word_1_155' title='bbox 1601 1796 1875 1853; x_wconf 83' lang='grc' dir='ltr'>πλεῖστον</span> 
     </span>
     <span class='ocr_line' id='line_1_21' title="bbox 281 1878 1875 1964; baseline -0.001 -23"><span class='ocrx_word' id='word_1_156' title='bbox 281 1884 627 1964; x_wconf 82' lang='grc' dir='ltr'>κατεγέλασε</span> <span class='ocrx_word' id='word_1_157' title='bbox 652 1886 762 1941; x_wconf 79' lang='grc' dir='ltr'>τῶν</span> <span class='ocrx_word' id='word_1_158' title='bbox 799 1880 1123 1945; x_wconf 80' lang='grc' dir='ltr'>Σικυωνίων·</span> <span class='ocrx_word' id='word_1_159' title='bbox 1168 1879 1262 1939; x_wconf 84' lang='grc' dir='ltr'>ἐπὶ</span> <span class='ocrx_word' id='word_1_160' title='bbox 1286 1878 1397 1959; x_wconf 84' lang='grc' dir='ltr'>γοῖρ</span> <span class='ocrx_word' id='word_1_161' title='bbox 1424 1879 1518 1940; x_wconf 78' lang='grc' dir='ltr'>ὑός</span> <span class='ocrx_word' id='word_1_162' title='bbox 1542 1904 1606 1937; x_wconf 90' lang='grc' dir='ltr'>τε</span> <span class='ocrx_word' id='word_1_163' title='bbox 1632 1880 1725 1937; x_wconf 84' lang='grc' dir='ltr'>καὶ</span> <span class='ocrx_word' id='word_1_164' title='bbox 1745 1878 1875 1939; x_wconf 83' lang='grc' dir='ltr'>ὄνου</span> 
     </span>
     <span class='ocr_line' id='line_1_22' title="bbox 277 1966 1872 2046; baseline -0.003 -17"><span class='ocrx_word' id='word_1_165' title='bbox 277 1970 379 2034; x_wconf 85' lang='grc' dir='ltr'>τοὶς</span> <span class='ocrx_word' id='word_1_166' title='bbox 400 1969 706 2045; x_wconf 78' lang='grc' dir='ltr'>ἐπωνυμίας</span> <span class='ocrx_word' id='word_1_167' title='bbox 723 1969 1050 2046; x_wconf 84' lang='grc' dir='ltr'>μετατιθεὶς,</span> <span class='ocrx_word' id='word_1_168' title='bbox 1067 1966 1207 2027; x_wconf 68' lang='grc' dir='ltr'>αὐτὰ</span> <span class='ocrx_word' id='word_1_169' title='bbox 1226 1966 1299 2027; x_wconf 71' lang='grc' dir='ltr'>τσῖ</span> <span class='ocrx_word' id='word_1_170' title='bbox 1318 1969 1609 2026; x_wconf 83' lang='grc' dir='ltr'>τελευταῖα</span> <span class='ocrx_word' id='word_1_171' title='bbox 1625 1967 1872 2043; x_wconf 83' lang='grc' dir='ltr'>ἐπέθηκε,</span> 
     </span>
     <span class='ocr_line' id='line_1_23' title="bbox 277 2052 1873 2133; baseline -0.001 -17"><span class='ocrx_word' id='word_1_172' title='bbox 277 2056 433 2133; x_wconf 76' lang='grc' dir='ltr'>πλήν</span> <span class='ocrx_word' id='word_1_173' title='bbox 471 2060 572 2132; x_wconf 83' lang='grc' dir='ltr'>τῆς</span> <span class='ocrx_word' id='word_1_174' title='bbox 612 2059 812 2115; x_wconf 78' lang='grc' dir='ltr'>ἑωυτοῦ</span> <span class='ocrx_word' id='word_1_175' title='bbox 853 2059 1058 2132; x_wconf 82' lang='grc' dir='ltr'>φυλῆς·</span> <span class='ocrx_word' id='word_1_176' title='bbox 1105 2054 1281 2132; x_wconf 79' lang='grc' dir='ltr'>ταύτῃ</span> <span class='ocrx_word' id='word_1_177' title='bbox 1315 2054 1374 2113; x_wconf 85' lang='grc' dir='ltr'>δὲ</span> <span class='ocrx_word' id='word_1_178' title='bbox 1409 2052 1477 2113; x_wconf 80' lang='grc' dir='ltr'>τὸ</span> <span class='ocrx_word' id='word_1_179' title='bbox 1516 2052 1725 2131; x_wconf 75' lang='grc' dir='ltr'>οὔνομα</span> <span class='ocrx_word' id='word_1_180' title='bbox 1760 2053 1873 2115; x_wconf 82' lang='grc' dir='ltr'>οἷπὸ</span> 
     </span>
     <span class='ocr_line' id='line_1_24' title="bbox 278 2140 1875 2222; baseline -0.003 -15"><span class='ocrx_word' id='word_1_181' title='bbox 278 2148 379 2221; x_wconf 77' lang='grc' dir='ltr'>τῆς</span> <span class='ocrx_word' id='word_1_182' title='bbox 419 2146 620 2203; x_wconf 78' lang='grc' dir='ltr'>ἑωυτοῦ</span> <span class='ocrx_word' id='word_1_183' title='bbox 659 2142 836 2222; x_wconf 76' lang='grc' dir='ltr'>ἀρχῆς</span> <span class='ocrx_word' id='word_1_184' title='bbox 875 2144 1048 2203; x_wconf 85' lang='grc' dir='ltr'>ἔθετο.</span> <span class='ocrx_word' id='word_1_185' title='bbox 1131 2140 1287 2202; x_wconf 81' lang='grc' dir='ltr'>οὗτοι</span> <span class='ocrx_word' id='word_1_186' title='bbox 1324 2143 1428 2219; x_wconf 80' lang='grc' dir='ltr'>μὲν</span> <span class='ocrx_word' id='word_1_187' title='bbox 1469 2140 1537 2217; x_wconf 78' lang='grc' dir='ltr'>δή</span> <span class='ocrx_word' id='word_1_188' title='bbox 1573 2140 1875 2221; x_wconf 86' lang='grc' dir='ltr'>Ἀρχέλαοι</span> 
     </span>
     <span class='ocr_line' id='line_1_25' title="bbox 282 2228 1873 2308; baseline 0.001 -17"><span class='ocrx_word' id='word_1_189' title='bbox 282 2232 595 2291; x_wconf 86' lang='grc' dir='ltr'>ἐκαλέοντο·</span> <span class='ocrx_word' id='word_1_190' title='bbox 655 2230 828 2308; x_wconf 77' lang='grc' dir='ltr'>ἕτεροι</span> <span class='ocrx_word' id='word_1_191' title='bbox 869 2232 944 2302; x_wconf 85' lang='grc' dir='ltr'>δὲ,</span> <span class='ocrx_word' id='word_1_192' title='bbox 985 2230 1201 2291; x_wconf 76' lang='grc' dir='ltr'>Ὑᾶται·</span> <span class='ocrx_word' id='word_1_193' title='bbox 1264 2228 1437 2290; x_wconf 74' lang='grc' dir='ltr'>ἄλλοι</span> <span class='ocrx_word' id='word_1_194' title='bbox 1476 2230 1552 2300; x_wconf 84' lang='grc' dir='ltr'>δὲ,</span> <span class='ocrx_word' id='word_1_195' title='bbox 1594 2229 1873 2292; x_wconf 82' lang='grc' dir='ltr'>Ὀνεᾶται·</span> 
     </span>
     <span class='ocr_line' id='line_1_26' title="bbox 281 2318 1877 2397; baseline 0.001 -18"><span class='ocrx_word' id='word_1_196' title='bbox 281 2320 457 2397; x_wconf 79' lang='grc' dir='ltr'>ἕτεροι</span> <span class='ocrx_word' id='word_1_197' title='bbox 493 2319 553 2378; x_wconf 84' lang='grc' dir='ltr'>δὲ</span> <span class='ocrx_word' id='word_1_198' title='bbox 592 2322 911 2395; x_wconf 80' lang='grc' dir='ltr'>Χοιρεᾶται.</span> <span class='ocrx_word' id='word_1_199' title='bbox 993 2318 1248 2379; x_wconf 79' lang='grc' dir='ltr'>τούτοισι</span> <span class='ocrx_word' id='word_1_200' title='bbox 1276 2322 1430 2380; x_wconf 80' lang='grc' dir='ltr'>τοῖσι</span> <span class='ocrx_word' id='word_1_201' title='bbox 1462 2318 1735 2395; x_wconf 70' lang='grc' dir='ltr'>οὐνόμασι</span> <span class='ocrx_word' id='word_1_202' title='bbox 1766 2324 1877 2381; x_wconf 78' lang='grc' dir='ltr'>τῶν</span> 
     </span>
     <span class='ocr_line' id='line_1_27' title="bbox 280 2406 1878 2486; baseline 0.001 -19"><span class='ocrx_word' id='word_1_203' title='bbox 280 2407 504 2483; x_wconf 85' lang='grc' dir='ltr'>φυλέων</span> <span class='ocrx_word' id='word_1_204' title='bbox 539 2408 804 2486; x_wconf 85' lang='grc' dir='ltr'>ἐχρέωντο</span> <span class='ocrx_word' id='word_1_205' title='bbox 841 2410 895 2467; x_wconf 82' lang='grc' dir='ltr'>οἱ</span> <span class='ocrx_word' id='word_1_206' title='bbox 933 2407 1221 2473; x_wconf 74' lang='grc' dir='ltr'>Σικυώνιοι</span> <span class='ocrx_word' id='word_1_207' title='bbox 1256 2408 1349 2467; x_wconf 82' lang='grc' dir='ltr'>καὶ</span> <span class='ocrx_word' id='word_1_208' title='bbox 1386 2406 1477 2467; x_wconf 83' lang='grc' dir='ltr'>ἐπὶ</span> <span class='ocrx_word' id='word_1_209' title='bbox 1505 2409 1878 2473; x_wconf 86' lang='grc' dir='ltr'>Κλεισθένεος</span> 
     </span>
     <span class='ocr_line' id='line_1_28' title="bbox 284 2494 1876 2574; baseline 0.003 -21"><span class='ocrx_word' id='word_1_210' title='bbox 284 2494 569 2574; x_wconf 78' lang='grc' dir='ltr'>ἄρχοντος,</span> <span class='ocrx_word' id='word_1_211' title='bbox 587 2497 681 2555; x_wconf 84' lang='grc' dir='ltr'>καὶ</span> <span class='ocrx_word' id='word_1_212' title='bbox 700 2497 906 2555; x_wconf 87' lang='grc' dir='ltr'>ἐκείνου</span> <span class='ocrx_word' id='word_1_213' title='bbox 926 2495 1222 2559; x_wconf 80' lang='grc' dir='ltr'>τεθνεῶτος</span> <span class='ocrx_word' id='word_1_214' title='bbox 1243 2496 1323 2555; x_wconf 82' lang='grc' dir='ltr'>ἔτι</span> <span class='ocrx_word' id='word_1_215' title='bbox 1343 2494 1427 2555; x_wconf 85' lang='grc' dir='ltr'>ἐπ’</span> <span class='ocrx_word' id='word_1_216' title='bbox 1448 2496 1573 2555; x_wconf 81' lang='grc' dir='ltr'>ἔτεα</span> <span class='ocrx_word' id='word_1_217' title='bbox 1592 2495 1876 2571; x_wconf 73' lang='grc' dir='ltr'>ἑξήκοντα·</span> 
     </span>
     <span class='ocr_line' id='line_1_29' title="bbox 277 2582 1880 2663; baseline 0.002 -22"><span class='ocrx_word' id='word_1_218' title='bbox 277 2583 575 2660; x_wconf 88' lang='grc' dir='ltr'>μετέπειτα</span> <span class='ocrx_word' id='word_1_219' title='bbox 605 2584 797 2660; x_wconf 90' lang='grc' dir='ltr'>μέντοι</span> <span class='ocrx_word' id='word_1_220' title='bbox 831 2582 1008 2663; x_wconf 83' lang='grc' dir='ltr'>λόγον</span> <span class='ocrx_word' id='word_1_221' title='bbox 1033 2584 1211 2657; x_wconf 87' lang='grc' dir='ltr'>σφίσι</span> <span class='ocrx_word' id='word_1_222' title='bbox 1246 2582 1447 2651; x_wconf 86' lang='grc' dir='ltr'>δόντες,</span> <span class='ocrx_word' id='word_1_223' title='bbox 1472 2583 1799 2659; x_wconf 77' lang='grc' dir='ltr'>μετέβαλον</span> <span class='ocrx_word' id='word_1_224' title='bbox 1824 2590 1880 2649; x_wconf 87' lang='grc' dir='ltr'>ἐς</span> 
     </span>
     <span class='ocr_line' id='line_1_30' title="bbox 279 2668 1879 2750; baseline 0.001 -20"><span class='ocrx_word' id='word_1_225' title='bbox 279 2669 409 2733; x_wconf 77' lang='grc' dir='ltr'>τοῦς</span> <span class='ocrx_word' id='word_1_226' title='bbox 431 2670 672 2734; x_wconf 81' lang='grc' dir='ltr'>Ὑλλέας</span> <span class='ocrx_word' id='word_1_227' title='bbox 699 2670 791 2729; x_wconf 84' lang='grc' dir='ltr'>καὶ</span> <span class='ocrx_word' id='word_1_228' title='bbox 818 2668 1175 2746; x_wconf 80' lang='grc' dir='ltr'>Παμφύλους</span> <span class='ocrx_word' id='word_1_229' title='bbox 1196 2669 1288 2728; x_wconf 86' lang='grc' dir='ltr'>καὶ</span> <span class='ocrx_word' id='word_1_230' title='bbox 1307 2668 1662 2747; x_wconf 78' lang='grc' dir='ltr'>Δυμανάτας·</span> <span class='ocrx_word' id='word_1_231' title='bbox 1687 2670 1879 2750; x_wconf 73' lang='grc' dir='ltr'>τετάρ-</span> 
     </span>
     <span class='ocr_line' id='line_1_31' title="bbox 279 2756 1880 2835; baseline 0.001 -17"><span class='ocrx_word' id='word_1_232' title='bbox 279 2783 408 2823; x_wconf 84' lang='grc' dir='ltr'>τους</span> <span class='ocrx_word' id='word_1_233' title='bbox 427 2758 486 2818; x_wconf 82' lang='grc' dir='ltr'>δὲ</span> <span class='ocrx_word' id='word_1_234' title='bbox 513 2757 736 2819; x_wconf 81' lang='grc' dir='ltr'>αὗτοῖσι</span> <span class='ocrx_word' id='word_1_235' title='bbox 754 2757 1100 2835; x_wconf 82' lang='grc' dir='ltr'>προσέθεντο</span> <span class='ocrx_word' id='word_1_236' title='bbox 1120 2757 1213 2816; x_wconf 85' lang='grc' dir='ltr'>ἐπὶ</span> <span class='ocrx_word' id='word_1_237' title='bbox 1230 2760 1332 2816; x_wconf 78' lang='grc' dir='ltr'>τοῦ</span> <span class='ocrx_word' id='word_1_238' title='bbox 1350 2756 1665 2835; x_wconf 84' lang='grc' dir='ltr'>Ἀδρήστου</span> <span class='ocrx_word' id='word_1_239' title='bbox 1680 2760 1880 2825; x_wconf 74' lang='grc' dir='ltr'>παιδὸς</span> 
     </span>
     <span class='ocr_line' id='line_1_32' title="bbox 281 2843 1881 2928; baseline 0.001 -22"><span class='ocrx_word' id='word_1_240' title='bbox 281 2848 596 2928; x_wconf 80' lang='grc' dir='ltr'>Αἰγιαλέος,</span> <span class='ocrx_word' id='word_1_241' title='bbox 663 2845 768 2923; x_wconf 81' lang='grc' dir='ltr'>τήν</span> <span class='ocrx_word' id='word_1_242' title='bbox 821 2845 1130 2923; x_wconf 81' lang='grc' dir='ltr'>ἐπωνυμίην</span> <span class='ocrx_word' id='word_1_243' title='bbox 1191 2843 1509 2922; x_wconf 81' lang='grc' dir='ltr'>ποιεύμενοι</span> <span class='ocrx_word' id='word_1_244' title='bbox 1566 2848 1881 2924; x_wconf 84' lang='grc' dir='ltr'>κεκλῆσθαι</span> 
     </span>
     <span class='ocr_line' id='line_1_33' title="bbox 280 2936 601 3017; baseline -0.003 -22"><span class='ocrx_word' id='word_1_245' title='bbox 280 2936 601 3017; x_wconf 82' lang='grc' dir='ltr'>Αἰγιαλέας.</span> 
     </span>
    </p>

    <p class='ocr_par' dir='ltr' id='par_1_5' title="bbox 187 3022 1881 3369">
     <span class='ocr_line' id='line_1_34' title="bbox 187 3022 1879 3103; baseline 0.001 -24"><span class='ocrx_word' id='word_1_246' title='bbox 187 3024 262 3081; x_wconf 86' lang='grc'>69</span> <span class='ocrx_word' id='word_1_247' title='bbox 362 3029 548 3085; x_wconf 80' lang='grc' dir='ltr'>Ταῦτα</span> <span class='ocrx_word' id='word_1_248' title='bbox 563 3024 667 3103; x_wconf 86' lang='grc' dir='ltr'>μέν</span> <span class='ocrx_word' id='word_1_249' title='bbox 682 3050 778 3085; x_wconf 89' lang='grc' dir='ltr'>νυν</span> <span class='ocrx_word' id='word_1_250' title='bbox 797 3022 830 3084; x_wconf 80' lang='grc' dir='ltr'><em>ὅ</em></span> <span class='ocrx_word' id='word_1_251' title='bbox 850 3022 1144 3087; x_wconf 76' lang='grc' dir='ltr'>Σικυώνιος</span> <span class='ocrx_word' id='word_1_252' title='bbox 1165 3022 1516 3099; x_wconf 85' lang='grc' dir='ltr'>Κλεισθένης</span> <span class='ocrx_word' id='word_1_253' title='bbox 1538 3023 1879 3100; x_wconf 86' lang='grc' dir='ltr'>ἐπεποιήκεε.</span> 
     </span>
     <span class='ocr_line' id='line_1_35' title="bbox 282 3111 1881 3191; baseline -0.001 -20"><span class='ocrx_word' id='word_1_254' title='bbox 282 3112 314 3171; x_wconf 80' lang='grc' dir='ltr'>ὁ</span> <span class='ocrx_word' id='word_1_255' title='bbox 354 3114 414 3173; x_wconf 84' lang='grc' dir='ltr'>δὲ</span> <span class='ocrx_word' id='word_1_256' title='bbox 448 3114 516 3191; x_wconf 76' lang='grc' dir='ltr'>δὴ</span> <span class='ocrx_word' id='word_1_257' title='bbox 555 3114 848 3191; x_wconf 86' lang='grc' dir='ltr'>Ἀθηναῖος</span> <span class='ocrx_word' id='word_1_258' title='bbox 889 3113 1257 3189; x_wconf 87' lang='grc' dir='ltr'>Κλεισθένης,</span> <span class='ocrx_word' id='word_1_259' title='bbox 1301 3111 1403 3172; x_wconf 75' lang='grc' dir='ltr'>ε’ὢν</span> <span class='ocrx_word' id='word_1_260' title='bbox 1440 3117 1541 3173; x_wconf 83' lang='grc' dir='ltr'>τοῦ</span> <span class='ocrx_word' id='word_1_261' title='bbox 1583 3112 1881 3179; x_wconf 86' lang='grc' dir='ltr'>Σικυωνίου</span> 
     </span>
     <span class='ocr_line' id='line_1_36' title="bbox 281 3200 1878 3285; baseline 0.003 -26"><span class='ocrx_word' id='word_1_262' title='bbox 281 3200 478 3261; x_wconf 81' lang='grc' dir='ltr'>τούτου</span> <span class='ocrx_word' id='word_1_263' title='bbox 511 3204 865 3285; x_wconf 80' lang='grc' dir='ltr'>θυγατριδέος</span> <span class='ocrx_word' id='word_1_264' title='bbox 901 3201 992 3262; x_wconf 83' lang='grc' dir='ltr'>καὶ</span> <span class='ocrx_word' id='word_1_265' title='bbox 1027 3200 1093 3262; x_wconf 78' lang='grc' dir='ltr'><em>τό</em></span> <span class='ocrx_word' id='word_1_266' title='bbox 1127 3202 1338 3279; x_wconf 78' lang='grc' dir='ltr'>οὔνομα</span> <span class='ocrx_word' id='word_1_267' title='bbox 1374 3202 1465 3261; x_wconf 84' lang='grc' dir='ltr'>ἐπὶ</span> <span class='ocrx_word' id='word_1_268' title='bbox 1495 3200 1695 3263; x_wconf 82' lang='grc' dir='ltr'>τούτου</span> <span class='ocrx_word' id='word_1_269' title='bbox 1722 3202 1878 3277; x_wconf 72' lang='grc' dir='ltr'>ἔχων,</span> 
     </span>
     <span class='ocr_line' id='line_1_37' title="bbox 283 3284 1881 3369; baseline 0.001 -23"><span class='ocrx_word' id='word_1_270' title='bbox 283 3284 489 3349; x_wconf 86' lang='grc' dir='ltr'>δοκέειν</span> <span class='ocrx_word' id='word_1_271' title='bbox 514 3294 655 3369; x_wconf 86' lang='grc' dir='ltr'>ἐμοὶ,</span> <span class='ocrx_word' id='word_1_272' title='bbox 683 3292 776 3353; x_wconf 80' lang='grc' dir='ltr'>καὶ</span> <span class='ocrx_word' id='word_1_273' title='bbox 801 3288 962 3356; x_wconf 74' lang='grc' dir='ltr'>οὗτος</span> <span class='ocrx_word' id='word_1_274' title='bbox 978 3289 1249 3369; x_wconf 74' lang='grc' dir='ltr'>ὖπεριδῶν</span> <span class='ocrx_word' id='word_1_275' title='bbox 1262 3291 1474 3363; x_wconf 88' lang='grc' dir='ltr'>Ἴωνας,</span> <span class='ocrx_word' id='word_1_276' title='bbox 1496 3291 1585 3352; x_wconf 82' lang='grc' dir='ltr'>ἵνα</span> <span class='ocrx_word' id='word_1_277' title='bbox 1602 3288 1686 3367; x_wconf 89' lang='grc' dir='ltr'>μή</span> <span class='ocrx_word' id='word_1_278' title='bbox 1704 3290 1881 3361; x_wconf 75' lang='grc' dir='ltr'>σφισι</span> 
     </span>
    </p>
   </div>
   <div class='ocr_carea' id='block_1_2' title="bbox 2222 769 2231 846">
    <p class='ocr_par' dir='ltr' id='par_1_6' title="bbox 2222 769 2231 846">
     <span class='ocr_line' id='line_1_38' title="bbox 2222 769 2231 846; textangle 90"><span class='ocrx_word' id='word_1_279' title='bbox 2222 769 2231 846; x_wconf 51' lang='lat' dir='ltr'>-d</span> 
     </span>
    </p>
   </div>
  </div>
 </body>
</html>
