2259 3500
364 126 584 193 23-26]
1017 126 1323 177 ornum.
1864 128 1961 177 229

362 208 515 284 ἦσαν
544 208 604 267 δὲ
626 206 734 284 ,καὶ
769 206 868 267 δύο
897 206 1177 285 μυριάδες·
1216 204 1630 282 ὑπολιπόμενος
1660 204 1869 267 τούτων
1894 206 1969 271 οἷς

361 299 596 376 χιλίους,
631 295 761 359 τοῦς
801 294 1050 364 λοιποῦς,
1083 293 1334 371 τάφρους
1376 294 1729 371 ὀρυξάμενος,
1776 296 1963 373 ἔθαψε,

365 384 634 461 φυλλάδα
673 409 736 442 τε
779 382 1069 459 ἐπιβαλών
1107 384 1199 441 καὶ
1238 387 1349 463 γῆν
1386 382 1832 459 ἐπαμησάμενος,
1878 385 1967 443 ἵνα

361 499 444 549 μη
490 473 808 548 ὀφθείησαν
851 470 962 530 ὕπο
1008 474 1109 529 τοῦ
1157 475 1414 530 ναυτικοῦ
1458 474 1725 547 στρατοῦ·
1794 498 1863 535 ως
1906 471 1969 531 δὲ

285 636 288 639 ⁴
364 560 530 651 διέβη
571 566 627 624 ἐς
663 559 768 635 τήν
805 558 1078 635 Ἱστιαίην
1111 557 1143 617 ὁ
1181 557 1368 635 κῆρυξ,
1398 558 1689 639 σύλλογον
1728 559 1966 634 ποιησά-

363 674 526 743 μενος
550 647 758 709 παντὸς
785 651 886 707 τοῦ
919 646 1307 723 στρατοπέδου
1340 646 1499 725 ἔλεγε
1533 645 1683 705 τάδε·
1726 657 1761 681 “
1778 645 1968 757 οἶνδρες

364 722 675 814 σύμμαχοι,
715 732 996 810 βασιλευς
1034 733 1249 810 ’Ξέρξης
1286 734 1363 812 τῷ
1412 734 1745 813 βουλομένω
1791 733 1970 810 υμέων

363 823 732 900 παραδίδωσι,
761 820 1062 881 ἐκλιπόντα
1097 820 1203 897 τὴν
1242 820 1399 890 τάξιν
1441 820 1533 879 καὶ
1571 821 1809 881 ἐλθόντα
1846 821 1969 898 θεή-

365 912 582 971 σασθαι
641 909 782 973 ὅκως
845 909 1085 988 μάχεται
1152 908 1294 985 πρδς
1355 908 1485 970 τούς
1536 907 1801 983 ἀνοήτους
1856 913 1967 969 τῶν

365 996 682 1074 ἀνθρώπων,
721 997 775 1057 οἳ
803 996 1060 1073 ἤλπισαν
1092 996 1199 1072 τήν
1230 997 1509 1072 βασιλέος
1548 995 1779 1073 δύναμιν
1804 995 1966 1074 ὕπερ-

362 1084 736 1161 βαλέεσθαι.”
813 1088 1002 1145 Ταῦτα
1055 1085 1548 1165 ἐπαγγειλαμένου,
1602 1084 1743 1161 μετὰ
1794 1089 1970 1145 ταῦτα
1987 1088 2063 1144 25

365 1173 522 1233 οὐδὲν
567 1174 778 1255 ἐγίνετο
830 1173 1045 1233 πλοίων
1089 1170 1487 1248 σπανιώτερον·
1570 1171 1711 1231 οὕτω
1756 1174 1969 1233 πολλοὶ

363 1260 572 1334 ἤθελον
639 1261 968 1338 θεήσεσθαι·
1053 1260 1539 1337 διαπεραιωθέντες
1592 1261 1651 1320 δὲ
1706 1262 1965 1337 ἐθηεῦντο

367 1348 656 1427 διεξιόντες
685 1349 814 1412 τούς
849 1348 1091 1425 νεκρούς·
1146 1346 1347 1411 πάντες
1386 1348 1447 1407 δὲ
1487 1348 1799 1424 ἠπιστέατο
1841 1349 1971 1414 τούς

366 1438 648 1513 κειμένους
675 1436 812 1497 εἶναι
837 1437 1049 1500 πάντας
1068 1435 1540 1512 Λακεδαιμονίους
1566 1437 1658 1495 καὶ
1675 1439 1968 1511 Θεσπιέας,

367 1522 616 1600 ὁρέοντες
659 1524 750 1582 καὶ
793 1524 925 1588 τούς
966 1525 1217 1587 emanue·
1284 1522 1349 1583 οὗ
1392 1525 1495 1599 μὲν
1542 1522 1655 1582 οὐδ’
1706 1524 1973 1583 ἐλάνθανε

365 1609 496 1673 τούς
535 1611 949 1687 διαβεβηκότας
984 1611 1198 1688 Ξέρξης
1231 1613 1408 1670 ταῦτα
1442 1611 1657 1687 πρήξας
1683 1612 1811 1687 περὶ
1839 1610 1969 1675 τὸὒς

287 1714 302 1727 “
368 1697 592 1775 νεκροῦς
629 1698 756 1764 rank
797 1702 1017 1761 ἑωυτοῦ·
1061 1700 1155 1758 καὶ
1194 1697 1305 1780 γοῖρ
1353 1697 1422 1774 δὴ
1463 1702 1689 1779 γελοῖον
1728 1697 1816 1775 ἦν·
1858 1703 1968 1760 τῶν

365 1788 470 1863 μὲν
499 1789 682 1866 χίλιοι
722 1789 1020 1864 ἐφαίνοντο
1061 1787 1246 1865 νεκροὶ
1286 1787 1541 1862 κείμενοι,
1569 1789 1623 1844 οἱ
1654 1787 1730 1856 δὲ,
1770 1787 1973 1851 πάντες

369 1875 562 1937 ἐκέατο
620 1875 781 1940 σῖλέες
847 1875 1357 1956 συγκεκομισμένοι
1399 1879 1465 1936 ἐς
1517 1873 1696 1933 τῶυτό
1751 1875 1970 1954 χωρίον,

365 1963 633 2042 τέσσερες
683 1963 953 2042 χιλιάδες.
1033 1963 1241 2040 ταύτην
1281 1963 1385 2039 μὲν
1428 1961 1533 2038 τήν
1577 1962 1789 2039 ’ἡμέρην
1831 1962 1973 2040 πρός

368 2052 500 2127 θέην
527 2051 852 2129 ἐτράποντο·
892 2055 966 2129 τῇ
991 2050 1037 2110 δ’
1070 2050 1341 2129 ὖστεραίῃ
1366 2052 1421 2109 οἶ
1454 2053 1559 2126 μὲν
1591 2049 1890 2111 ἀπέπλωον
1918 2055 1973 2114 ἐς

365 2136 638 2215 Ἱστιαίην
671 2141 762 2198 ἐπὶ
796 2139 898 2203 τοὶς
935 2142 1087 2215 νῆας,
1115 2142 1169 2198 οῖ
1206 2139 1265 2198 δὲ
1301 2137 1453 2214 ἀμφὶ
1488 2138 1699 2215 Ξέρξεα
1744 2142 1799 2201 ἐς
1840 2137 1973 2199 ὁδόν

368 2224 623 2302 ὁρμέατο.

436 2310 626 2372 Ἠκον
669 2313 732 2371 δέ
775 2317 888 2388 σφι
935 2311 1243 2389 αὐτόμολοι
1290 2312 1480 2390 ἄνδρες
1534 2312 1631 2372 ἀπ’
1676 2313 1973 2392 Ἀρκαδίης
1990 2317 2066 2374 26

371 2395 556 2478 ὄλίγοι
581 2402 738 2468 τινὲς,
759 2401 894 2475 βίου
913 2425 976 2459 τε
995 2399 1246 2476 δεόμενοι
1272 2401 1365 2458 καὶ
1392 2402 1605 2482 ἐνεργοὶ
1623 2402 1973 2479 βουλόμενοι

372 2483 528 2544 εἶναι·
591 2485 819 2566 ἄγοντες
865 2487 925 2545 δὲ
971 2486 1200 2550 τούτους
1247 2493 1302 2551 ἐς
1347 2487 1479 2565 ὄψιν
1520 2489 1625 2564 τὴν
1676 2491 1969 2565 βασιλέος,

373 2572 742 2633 ἐπυνθάνοντο
802 2577 856 2634 οἱ
924 2575 1149 2652 Πέρσαι
1216 2576 1344 2652 περὶ
1405 2580 1517 2636 τῶν
1568 2576 1859 2652 Ἑλλήνων
1902 2577 1975 2635 rot

370 2660 629 2722 ποιέοιεν·
667 2662 743 2724 εἷς
768 2662 831 2722 δέ
852 2689 935 2726 τις
960 2663 1072 2740 πρὸ
1099 2662 1320 2724 πάντων
1344 2661 1415 2738 ἦν
1436 2663 1467 2722 ὁ
1491 2663 1750 2740 εἷρωτέων
1776 2661 1975 2725 αὐτοῦς

369 2751 563 2808 ταῦτα·
620 2753 672 2809 οἱ
709 2750 772 2809 δέ
812 2757 924 2827 σφι
968 2752 1183 2832 ἔλεγον,
1216 2750 1287 2815 ὦς
1325 2750 1614 2827 Ὀλύμπια
1650 2745 1837 2830 ἄγοιεν
1882 2751 1974 2809 καὶ

371 2835 656 2913 θεωρέοιεν
693 2837 882 2917 σῖγῶνα
920 2839 1187 2920 γυμνικὸν
1229 2840 1322 2899 καὶ
1364 2837 1610 2898 ἱππικόν·
1668 2836 1701 2898 ὁ
1737 2837 1798 2896 δὲ
1832 2838 1973 2897 ἐπεί-

369 2947 498 3000 ρετο
546 2923 580 2983 ὅ
622 2951 680 2984 τι
717 2925 784 2985 τό
827 2925 1034 2986 ἄεθλον
1082 2927 1167 3002 εἴη
1214 2932 1327 3003 σφι
1374 2926 1629 3003 κείμενον
1675 2925 1803 3002 περὶ
1848 2924 1975 2984 ὅτευ

371 3008 763 3091 ἅγωνίζονται;
819 3017 874 3073 οἱ
907 3013 953 3074 δ’
997 3013 1155 3074 εἶπον
1186 3019 1289 3090 τῆς
1328 3015 1521 3091 ἐλαίης
1549 3013 1650 3074 τὸν
1692 3013 1977 3089 διδόμενον

370 3100 676 3177 στέφανον.
777 3103 1014 3163 ἐνθαῦτα
1075 3103 1233 3166 εἶπας
1300 3101 1525 3182 γνώμην
1582 3100 1974 3181 γενναιοτάτην

369 3191 816 3270 Τριτανταίχμης
855 3189 888 3250 o‘
928 3188 1303 3268 Ἀρταβάνου,
1358 3187 1571 3263 δειλίην
1624 3187 1785 3265 ὦφλε
1834 3189 1975 3267 πρὸς

369 3277 667 3352 βασιλέος·
693 3277 1106 3355 πυνθανόμενος
1125 3277 1235 3359 γοὶρ
1251 3275 1319 3342 τὰ
1334 3274 1543 3336 ἄεθλον
1561 3275 1653 3336 ἐὰν
1670 3276 1973 3352 στέφανον,
