<?xml version="1.0" encoding="UTF-8"?>
<!DOCTYPE html PUBLIC "-//W3C//DTD XHTML 1.0 Transitional//EN"
    "http://www.w3.org/TR/xhtml1/DTD/xhtml1-transitional.dtd">
<html xmlns="http://www.w3.org/1999/xhtml" xml:lang="en" lang="en">
 <head>
  <title>
</title>
<meta http-equiv="Content-Type" content="text/html;charset=utf-8" />
  <meta name='ocr-system' content='tesseract 3.04.00' />
  <meta name='ocr-capabilities' content='ocr_page ocr_carea ocr_par ocr_line ocrx_word'/>
</head>
<body>
  <div class='ocr_page' id='page_1' title='image "./herodotus18herogoog/herodotus18herogoog_0301.png"; bbox 0 0 2259 3500; ppageno 0'>
   <div class='ocr_carea' id='block_1_1' title="bbox 349 156 2051 3300">
    <p class='ocr_par' dir='ltr' id='par_1_1' title="bbox 357 156 1974 2140">
     <span class='ocr_line' id='line_1_1' title="bbox 369 156 1961 222; baseline -0.002 -11"><span class='ocrx_word' id='word_1_1' title='bbox 369 161 448 219; x_wconf 75' lang='grc'>26,</span> <span class='ocrx_word' id='word_1_2' title='bbox 474 156 558 222; x_wconf 85' lang='grc'>27]</span> <span class='ocrx_word' id='word_1_3' title='bbox 981 156 1357 207; x_wconf 79' lang='grc' dir='ltr'><strong>ΚΑΛΛῙΟΠΗ.</strong></span> <span class='ocrx_word' id='word_1_4' title='bbox 1865 160 1961 209; x_wconf 76' lang='grc'>293</span> 
     </span>
     <span class='ocr_line' id='line_1_2' title="bbox 372 233 1961 315; baseline 0.001 -21"><span class='ocrx_word' id='word_1_5' title='bbox 372 234 612 294; x_wconf 82' lang='grc' dir='ltr'>κατιέναι</span> <span class='ocrx_word' id='word_1_6' title='bbox 637 233 1004 309; x_wconf 82' lang='grc' dir='ltr'>Ἡρακλείδας</span> <span class='ocrx_word' id='word_1_7' title='bbox 1039 235 1129 293; x_wconf 85' lang='grc' dir='ltr'>ἐπὶ</span> <span class='ocrx_word' id='word_1_8' title='bbox 1156 234 1229 294; x_wconf 81' lang='grc' dir='ltr'>τοὶ</span> <span class='ocrx_word' id='word_1_9' title='bbox 1258 234 1526 311; x_wconf 75' lang='grc' dir='ltr'>πατρώϊα·</span> <span class='ocrx_word' id='word_1_10' title='bbox 1566 234 1635 311; x_wconf 83' lang='grc' dir='ltr'>ἢν</span> <span class='ocrx_word' id='word_1_11' title='bbox 1662 237 1721 295; x_wconf 79' lang='grc' dir='ltr'>δὲ</span> <span class='ocrx_word' id='word_1_12' title='bbox 1747 239 1961 315; x_wconf 80' lang='grc' dir='ltr'>νικηθῇ,</span> 
     </span>
     <span class='ocr_line' id='line_1_3' title="bbox 370 320 1961 400; baseline 0.001 -17"><span class='ocrx_word' id='word_1_13' title='bbox 370 322 438 383; x_wconf 69' lang='grc' dir='ltr'>τὰ</span> <span class='ocrx_word' id='word_1_14' title='bbox 475 323 715 400; x_wconf 82' lang='grc' dir='ltr'>ἔμπαλιν</span> <span class='ocrx_word' id='word_1_15' title='bbox 747 320 1114 399; x_wconf 82' lang='grc' dir='ltr'>Ἡρακλείδας</span> <span class='ocrx_word' id='word_1_16' title='bbox 1150 323 1650 393; x_wconf 72' lang='grc' dir='ltr'>ἀπαλλάσσεσθαι,</span> <span class='ocrx_word' id='word_1_17' title='bbox 1690 326 1780 383; x_wconf 81' lang='grc' dir='ltr'>καὶ</span> <span class='ocrx_word' id='word_1_18' title='bbox 1820 324 1961 384; x_wconf 74' lang='grc' dir='ltr'>ἀπά-</span> 
     </span>
     <span class='ocr_line' id='line_1_4' title="bbox 369 410 1965 493; baseline 0.001 -22"><span class='ocrx_word' id='word_1_19' title='bbox 369 436 486 493; x_wconf 87' lang='grc' dir='ltr'>γειν</span> <span class='ocrx_word' id='word_1_20' title='bbox 538 411 642 488; x_wconf 82' lang='grc' dir='ltr'>τήν</span> <span class='ocrx_word' id='word_1_21' title='bbox 692 411 978 489; x_wconf 84' lang='grc' dir='ltr'>στρατιήν·</span> <span class='ocrx_word' id='word_1_22' title='bbox 1043 410 1237 473; x_wconf 83' lang='grc' dir='ltr'>ἑκατόν</span> <span class='ocrx_word' id='word_1_23' title='bbox 1279 438 1341 472; x_wconf 91' lang='grc' dir='ltr'>τε</span> <span class='ocrx_word' id='word_1_24' title='bbox 1394 413 1555 472; x_wconf 87' lang='grc' dir='ltr'>ἐτέων</span> <span class='ocrx_word' id='word_1_25' title='bbox 1595 412 1676 489; x_wconf 72' lang='grc' dir='ltr'>μὴ</span> <span class='ocrx_word' id='word_1_26' title='bbox 1724 415 1965 489; x_wconf 83' lang='grc' dir='ltr'>ζητῆσαι</span> 
     </span>
     <span class='ocr_line' id='line_1_5' title="bbox 370 499 1964 578; baseline 0.001 -18"><span class='ocrx_word' id='word_1_27' title='bbox 370 499 601 560; x_wconf 79' lang='grc' dir='ltr'>κάτοδον</span> <span class='ocrx_word' id='word_1_28' title='bbox 655 504 710 565; x_wconf 84' lang='grc' dir='ltr'>ἐς</span> <span class='ocrx_word' id='word_1_29' title='bbox 763 500 1226 576; x_wconf 85' lang='grc' dir='ltr'>Πελοπόννησον.</span> <span class='ocrx_word' id='word_1_30' title='bbox 1310 501 1611 578; x_wconf 83' lang='grc' dir='ltr'>προεκρίθη</span> <span class='ocrx_word' id='word_1_31' title='bbox 1665 526 1727 560; x_wconf 93' lang='grc' dir='ltr'>τε</span> <span class='ocrx_word' id='word_1_32' title='bbox 1778 500 1847 577; x_wconf 74' lang='grc' dir='ltr'>δὴ</span> <span class='ocrx_word' id='word_1_33' title='bbox 1903 506 1964 560; x_wconf 86' lang='grc' dir='ltr'>ἐκ</span> 
     </span>
     <span class='ocr_line' id='line_1_6' title="bbox 367 586 1960 667; baseline 0.003 -22"><span class='ocrx_word' id='word_1_34' title='bbox 367 586 584 647; x_wconf 78' lang='grc' dir='ltr'>πάντων</span> <span class='ocrx_word' id='word_1_35' title='bbox 617 586 930 666; x_wconf 87' lang='grc' dir='ltr'>συμμάχων</span> <span class='ocrx_word' id='word_1_36' title='bbox 964 587 1259 663; x_wconf 73' lang='grc' dir='ltr'>ἐθελοντὴς</span> <span class='ocrx_word' id='word_1_37' title='bbox 1296 586 1543 667; x_wconf 77' lang='grc' dir='ltr'>Ἔχεμος</span> <span class='ocrx_word' id='word_1_38' title='bbox 1588 588 1620 650; x_wconf 77' lang='grc' dir='ltr'><em>ὅ</em></span> <span class='ocrx_word' id='word_1_39' title='bbox 1662 588 1960 667; x_wconf 85' lang='grc' dir='ltr'>Ἠερόπου,</span> 
     </span>
     <span class='ocr_line' id='line_1_7' title="bbox 367 676 1971 757; baseline 0.001 -22"><span class='ocrx_word' id='word_1_40' title='bbox 367 680 466 735; x_wconf 75' lang='grc' dir='ltr'>τοῦ</span> <span class='ocrx_word' id='word_1_41' title='bbox 505 677 734 756; x_wconf 82' lang='grc' dir='ltr'>Φηγέος,</span> <span class='ocrx_word' id='word_1_42' title='bbox 773 676 1087 757; x_wconf 85' lang='grc' dir='ltr'>στρατηγός</span> <span class='ocrx_word' id='word_1_43' title='bbox 1120 702 1182 735; x_wconf 88' lang='grc' dir='ltr'>τε</span> <span class='ocrx_word' id='word_1_44' title='bbox 1221 676 1321 736; x_wconf 79' lang='grc' dir='ltr'>ἐῶν</span> <span class='ocrx_word' id='word_1_45' title='bbox 1349 676 1439 734; x_wconf 85' lang='grc' dir='ltr'>καὶ</span> <span class='ocrx_word' id='word_1_46' title='bbox 1465 677 1745 753; x_wconf 72' lang='grc' dir='ltr'>βασιλεῦς</span> <span class='ocrx_word' id='word_1_47' title='bbox 1770 678 1971 755; x_wconf 60' lang='grc' dir='ltr'>ἤμέτεέ</span> 
     </span>
     <span class='ocr_line' id='line_1_8' title="bbox 367 763 1963 843; baseline 0.003 -23"><span class='ocrx_word' id='word_1_48' title='bbox 367 787 481 839; x_wconf 88' lang='grc' dir='ltr'>ρος·</span> <span class='ocrx_word' id='word_1_49' title='bbox 523 764 614 820; x_wconf 87' lang='grc' dir='ltr'>καὶ</span> <span class='ocrx_word' id='word_1_50' title='bbox 650 763 1078 843; x_wconf 77' lang='grc' dir='ltr'>ἐμουνομάχησέ</span> <span class='ocrx_word' id='word_1_51' title='bbox 1108 789 1171 824; x_wconf 86' lang='grc' dir='ltr'>τε</span> <span class='ocrx_word' id='word_1_52' title='bbox 1204 765 1295 823; x_wconf 81' lang='grc' dir='ltr'>καὶ</span> <span class='ocrx_word' id='word_1_53' title='bbox 1323 764 1603 825; x_wconf 78' lang='grc' dir='ltr'>ἀπέκτεινε</span> <span class='ocrx_word' id='word_1_54' title='bbox 1620 764 1858 825; x_wconf 63' lang='grc' dir='ltr'>’Υλλον</span> <span class='ocrx_word' id='word_1_55' title='bbox 1902 770 1963 825; x_wconf 85' lang='grc' dir='ltr'>ἐκ</span> 
     </span>
     <span class='ocr_line' id='line_1_9' title="bbox 369 847 1962 931; baseline 0.003 -25"><span class='ocrx_word' id='word_1_56' title='bbox 369 847 566 907; x_wconf 79' lang='grc' dir='ltr'>τούτου</span> <span class='ocrx_word' id='word_1_57' title='bbox 584 852 684 908; x_wconf 75' lang='grc' dir='ltr'>τοῦ</span> <span class='ocrx_word' id='word_1_58' title='bbox 705 852 868 931; x_wconf 84' lang='grc' dir='ltr'>ἔργου</span> <span class='ocrx_word' id='word_1_59' title='bbox 889 852 1162 930; x_wconf 77' lang='grc' dir='ltr'>εὖρόμεθα</span> <span class='ocrx_word' id='word_1_60' title='bbox 1185 858 1243 911; x_wconf 84' lang='grc' dir='ltr'>ἐν</span> <span class='ocrx_word' id='word_1_61' title='bbox 1266 856 1419 911; x_wconf 85' lang='grc' dir='ltr'>τοῖσι</span> <span class='ocrx_word' id='word_1_62' title='bbox 1448 854 1962 929; x_wconf 87' lang='grc' dir='ltr'>Πελοποννησίοισι</span> 
     </span>
     <span class='ocr_line' id='line_1_10' title="bbox 367 935 1963 1020; baseline 0.003 -25"><span class='ocrx_word' id='word_1_63' title='bbox 367 938 520 995; x_wconf 78' lang='grc' dir='ltr'>τοῖσι</span> <span class='ocrx_word' id='word_1_64' title='bbox 554 935 682 997; x_wconf 89' lang='grc' dir='ltr'>τότε</span> <span class='ocrx_word' id='word_1_65' title='bbox 716 939 805 998; x_wconf 81' lang='grc' dir='ltr'>καὶ</span> <span class='ocrx_word' id='word_1_66' title='bbox 837 938 991 998; x_wconf 76' lang='grc' dir='ltr'>ἄλλα</span> <span class='ocrx_word' id='word_1_67' title='bbox 1022 942 1189 1020; x_wconf 86' lang='grc' dir='ltr'>γέρεα</span> <span class='ocrx_word' id='word_1_68' title='bbox 1227 940 1467 1020; x_wconf 87' lang='grc' dir='ltr'>μεγάλα,</span> <span class='ocrx_word' id='word_1_69' title='bbox 1500 940 1571 1000; x_wconf 76' lang='grc' dir='ltr'>τοὶ</span> <span class='ocrx_word' id='word_1_70' title='bbox 1610 942 1963 1017; x_wconf 85' lang='grc' dir='ltr'>διατελέομεν</span> 
     </span>
     <span class='ocr_line' id='line_1_11' title="bbox 370 1023 1962 1110; baseline 0.006 -29"><span class='ocrx_word' id='word_1_71' title='bbox 370 1023 600 1103; x_wconf 82' lang='grc' dir='ltr'>ἔχοντες,</span> <span class='ocrx_word' id='word_1_72' title='bbox 637 1025 727 1084; x_wconf 80' lang='grc' dir='ltr'>καὶ</span> <span class='ocrx_word' id='word_1_73' title='bbox 757 1032 858 1087; x_wconf 79' lang='grc' dir='ltr'>τοῦ</span> <span class='ocrx_word' id='word_1_74' title='bbox 895 1027 1081 1105; x_wconf 89' lang='grc' dir='ltr'>κέρεος</span> <span class='ocrx_word' id='word_1_75' title='bbox 1112 1032 1213 1087; x_wconf 80' lang='grc' dir='ltr'>τοῦ</span> <span class='ocrx_word' id='word_1_76' title='bbox 1252 1029 1439 1105; x_wconf 79' lang='grc' dir='ltr'>ἑτέρου</span> <span class='ocrx_word' id='word_1_77' title='bbox 1474 1031 1579 1088; x_wconf 85' lang='grc' dir='ltr'>αἰεὶ</span> <span class='ocrx_word' id='word_1_78' title='bbox 1609 1028 1962 1110; x_wconf 74' lang='grc' dir='ltr'>ἡγεμονεύειν</span> 
     </span>
     <span class='ocr_line' id='line_1_12' title="bbox 369 1113 1960 1196; baseline 0.004 -26"><span class='ocrx_word' id='word_1_79' title='bbox 369 1116 552 1189; x_wconf 75' lang='grc' dir='ltr'>κοινῆς</span> <span class='ocrx_word' id='word_1_80' title='bbox 579 1113 769 1183; x_wconf 76' lang='grc' dir='ltr'>ἐξόδου</span> <span class='ocrx_word' id='word_1_81' title='bbox 808 1115 1118 1196; x_wconf 86' lang='grc' dir='ltr'>γινομένης·</span> <span class='ocrx_word' id='word_1_82' title='bbox 1146 1140 1159 1158; x_wconf 86' lang='grc'>·</span> <span class='ocrx_word' id='word_1_83' title='bbox 1172 1114 1303 1192; x_wconf 76' lang='grc' dir='ltr'>ὖμῖν</span> <span class='ocrx_word' id='word_1_84' title='bbox 1335 1118 1439 1194; x_wconf 87' lang='grc' dir='ltr'>μέν</span> <span class='ocrx_word' id='word_1_85' title='bbox 1468 1142 1579 1186; x_wconf 87' lang='grc' dir='ltr'>νυν,</span> <span class='ocrx_word' id='word_1_86' title='bbox 1618 1116 1661 1176; x_wconf 77' lang='grc' dir='ltr'><strong><em>ὦ</em></strong></span> <span class='ocrx_word' id='word_1_87' title='bbox 1694 1117 1960 1177; x_wconf 82' lang='grc' dir='ltr'>Λακεδαι-</span> 
     </span>
     <span class='ocr_line' id='line_1_13' title="bbox 365 1199 1961 1283; baseline 0.004 -25"><span class='ocrx_word' id='word_1_88' title='bbox 365 1199 564 1276; x_wconf 88' lang='grc' dir='ltr'>μόνιοι,</span> <span class='ocrx_word' id='word_1_89' title='bbox 589 1202 688 1260; x_wconf 81' lang='grc' dir='ltr'>σι’-κ</span> <span class='ocrx_word' id='word_1_90' title='bbox 715 1202 1063 1281; x_wconf 73' lang='grc' dir='ltr'>ἀντιεύμεθα·</span> <span class='ocrx_word' id='word_1_91' title='bbox 1091 1202 1245 1263; x_wconf 75' lang='grc' dir='ltr'>α’λλᾶ</span> <span class='ocrx_word' id='word_1_92' title='bbox 1272 1204 1511 1268; x_wconf 86' lang='grc' dir='ltr'>διδόντες</span> <span class='ocrx_word' id='word_1_93' title='bbox 1536 1206 1751 1283; x_wconf 84' lang='grc' dir='ltr'>αἵρεσιν</span> <span class='ocrx_word' id='word_1_94' title='bbox 1778 1204 1961 1266; x_wconf 78' lang='grc' dir='ltr'>ὁκοτέ-</span> 
     </span>
     <span class='ocr_line' id='line_1_14' title="bbox 365 1288 1961 1372; baseline 0.004 -27"><span class='ocrx_word' id='word_1_95' title='bbox 365 1312 468 1363; x_wconf 90' lang='grc' dir='ltr'>ρου</span> <span class='ocrx_word' id='word_1_96' title='bbox 492 1288 783 1363; x_wconf 86' lang='grc' dir='ltr'>βούλεσθε</span> <span class='ocrx_word' id='word_1_97' title='bbox 813 1292 998 1367; x_wconf 86' lang='grc' dir='ltr'>κέρεος</span> <span class='ocrx_word' id='word_1_98' title='bbox 1023 1292 1232 1371; x_wconf 79' lang='grc' dir='ltr'>ἄρχειν,</span> <span class='ocrx_word' id='word_1_99' title='bbox 1260 1295 1544 1372; x_wconf 83' lang='grc' dir='ltr'>παρίεμεν·</span> <span class='ocrx_word' id='word_1_100' title='bbox 1576 1298 1675 1355; x_wconf 82' lang='grc' dir='ltr'>τοῦ</span> <span class='ocrx_word' id='word_1_101' title='bbox 1694 1295 1753 1353; x_wconf 76' lang='grc' dir='ltr'>δὲ</span> <span class='ocrx_word' id='word_1_102' title='bbox 1775 1295 1961 1371; x_wconf 82' lang='grc' dir='ltr'>ἑτέρου</span> 
     </span>
     <span class='ocr_line' id='line_1_15' title="bbox 367 1376 1963 1461; baseline 0.005 -30"><span class='ocrx_word' id='word_1_103' title='bbox 367 1378 554 1451; x_wconf 78' lang='grc' dir='ltr'>φαμὲν</span> <span class='ocrx_word' id='word_1_104' title='bbox 586 1376 761 1454; x_wconf 77' lang='grc' dir='ltr'>ἤμέας</span> <span class='ocrx_word' id='word_1_105' title='bbox 797 1381 1077 1441; x_wconf 71' lang='grc' dir='ltr'>ἱκνέεσθαι</span> <span class='ocrx_word' id='word_1_106' title='bbox 1107 1380 1476 1461; x_wconf 76' lang='grc' dir='ltr'>ἡγεμονεύειν,</span> <span class='ocrx_word' id='word_1_107' title='bbox 1515 1382 1756 1459; x_wconf 80' lang='grc' dir='ltr'>κατάπερ</span> <span class='ocrx_word' id='word_1_108' title='bbox 1795 1386 1852 1442; x_wconf 85' lang='grc' dir='ltr'>ἐν</span> <span class='ocrx_word' id='word_1_109' title='bbox 1886 1385 1963 1460; x_wconf 74' lang='grc' dir='ltr'>τῷ</span> 
     </span>
     <span class='ocr_line' id='line_1_16' title="bbox 367 1461 1960 1549; baseline 0.006 -31"><span class='ocrx_word' id='word_1_110' title='bbox 367 1461 584 1539; x_wconf 89' lang='grc' dir='ltr'>πρόσθε</span> <span class='ocrx_word' id='word_1_111' title='bbox 628 1465 829 1544; x_wconf 77' lang='grc' dir='ltr'>χρόνῳ.</span> <span class='ocrx_word' id='word_1_112' title='bbox 910 1470 1078 1546; x_wconf 90' lang='grc' dir='ltr'>χωρίς</span> <span class='ocrx_word' id='word_1_113' title='bbox 1115 1494 1178 1528; x_wconf 91' lang='grc' dir='ltr'>τε</span> <span class='ocrx_word' id='word_1_114' title='bbox 1217 1467 1415 1528; x_wconf 82' lang='grc' dir='ltr'>τούτου</span> <span class='ocrx_word' id='word_1_115' title='bbox 1458 1472 1559 1527; x_wconf 77' lang='grc' dir='ltr'>τοῦ</span> <span class='ocrx_word' id='word_1_116' title='bbox 1601 1468 1960 1549; x_wconf 75' lang='grc' dir='ltr'>ἀπηγημένου</span> 
     </span>
     <span class='ocr_line' id='line_1_17' title="bbox 368 1550 1974 1632; baseline 0.005 -25"><span class='ocrx_word' id='word_1_117' title='bbox 368 1550 544 1629; x_wconf 80' lang='grc' dir='ltr'>ἔργου,</span> <span class='ocrx_word' id='word_1_118' title='bbox 604 1551 1000 1629; x_wconf 75' lang='grc' dir='ltr'>ἀξιονικότεροί</span> <span class='ocrx_word' id='word_1_119' title='bbox 1045 1560 1193 1631; x_wconf 79' lang='grc' dir='ltr'>εἰμεν</span> <span class='ocrx_word' id='word_1_120' title='bbox 1243 1555 1550 1631; x_wconf 83' lang='grc' dir='ltr'>Ἀθηναίων</span> <span class='ocrx_word' id='word_1_121' title='bbox 1601 1555 1806 1632; x_wconf 83' lang='grc' dir='ltr'>ταύτην</span> <span class='ocrx_word' id='word_1_122' title='bbox 1856 1581 1974 1632; x_wconf 38' lang='grc' dir='ltr'>την·</span> 
     </span>
     <span class='ocr_line' id='line_1_18' title="bbox 364 1636 1960 1723; baseline 0.007 -27"><span class='ocrx_word' id='word_1_123' title='bbox 364 1636 584 1707; x_wconf 74' lang='grc' dir='ltr'>τάξιν”</span> <span class='ocrx_word' id='word_1_124' title='bbox 557 1664 719 1716; x_wconf 84' lang='grc' dir='ltr'>εχειν·</span> <span class='ocrx_word' id='word_1_125' title='bbox 771 1642 983 1702; x_wconf 85' lang='grc' dir='ltr'>πολλοὶ</span> <span class='ocrx_word' id='word_1_126' title='bbox 1012 1667 1116 1719; x_wconf 90' lang='grc' dir='ltr'>μεν</span> <span class='ocrx_word' id='word_1_127' title='bbox 1146 1642 1256 1723; x_wconf 88' lang='grc' dir='ltr'>γάρ</span> <span class='ocrx_word' id='word_1_128' title='bbox 1281 1668 1342 1701; x_wconf 92' lang='grc' dir='ltr'>τε</span> <span class='ocrx_word' id='word_1_129' title='bbox 1370 1644 1460 1702; x_wconf 82' lang='grc' dir='ltr'>καὶ</span> <span class='ocrx_word' id='word_1_130' title='bbox 1494 1642 1551 1703; x_wconf 77' lang='grc' dir='ltr'>εὖ</span> <span class='ocrx_word' id='word_1_131' title='bbox 1579 1644 1796 1721; x_wconf 80' lang='grc' dir='ltr'>ἔχοντες</span> <span class='ocrx_word' id='word_1_132' title='bbox 1820 1643 1960 1720; x_wconf 79' lang='grc' dir='ltr'>πρός</span> 
     </span>
     <span class='ocr_line' id='line_1_19' title="bbox 363 1722 1957 1813; baseline 0.004 -29"><span class='ocrx_word' id='word_1_133' title='bbox 363 1722 536 1802; x_wconf 77' lang='grc' dir='ltr'>’ὖμέας</span> <span class='ocrx_word' id='word_1_134' title='bbox 559 1725 711 1804; x_wconf 79' lang='grc' dir='ltr'>ημῖν,</span> <span class='ocrx_word' id='word_1_135' title='bbox 753 1728 943 1808; x_wconf 80' lang='grc' dir='ltr'>ἅνδρες</span> <span class='ocrx_word' id='word_1_136' title='bbox 980 1730 1406 1810; x_wconf 78' lang='grc' dir='ltr'>Σπαρτιῆται,’</span> <span class='ocrx_word' id='word_1_137' title='bbox 1372 1734 1576 1813; x_wconf 79' lang='grc' dir='ltr'>αγῶνες</span> <span class='ocrx_word' id='word_1_138' title='bbox 1612 1731 1957 1812; x_wconf 75' lang='grc' dir='ltr'>ἀγωνίδαται,</span> 
     </span>
     <span class='ocr_line' id='line_1_20' title="bbox 363 1813 1959 1896; baseline 0.008 -27"><span class='ocrx_word' id='word_1_139' title='bbox 363 1813 574 1871; x_wconf 87' lang='grc' dir='ltr'>πολλοὶ</span> <span class='ocrx_word' id='word_1_140' title='bbox 611 1815 669 1872; x_wconf 80' lang='grc' dir='ltr'>δὲ</span> <span class='ocrx_word' id='word_1_141' title='bbox 710 1817 800 1874; x_wconf 84' lang='grc' dir='ltr'>καὶ</span> <span class='ocrx_word' id='word_1_142' title='bbox 837 1819 977 1896; x_wconf 75' lang='grc' dir='ltr'>πρὸς</span> <span class='ocrx_word' id='word_1_143' title='bbox 1013 1819 1242 1884; x_wconf 81' lang='grc' dir='ltr'>ἅλλους·</span> <span class='ocrx_word' id='word_1_144' title='bbox 1285 1819 1423 1880; x_wconf 76' lang='grc' dir='ltr'>οὕτω</span> <span class='ocrx_word' id='word_1_145' title='bbox 1452 1819 1525 1880; x_wconf 87' lang='grc' dir='ltr'>ων</span> <span class='ocrx_word' id='word_1_146' title='bbox 1548 1819 1724 1896; x_wconf 82' lang='grc' dir='ltr'>ἦμέας</span> <span class='ocrx_word' id='word_1_147' title='bbox 1750 1820 1959 1882; x_wconf 85' lang='grc' dir='ltr'>δίκαιον</span> 
     </span>
     <span class='ocr_line' id='line_1_21' title="bbox 361 1899 1960 1989; baseline 0.005 -30"><span class='ocrx_word' id='word_1_148' title='bbox 361 1901 508 1980; x_wconf 72' lang='grc' dir='ltr'>ἔχειν</span> <span class='ocrx_word' id='word_1_149' title='bbox 533 1899 598 1961; x_wconf 80' lang='grc' dir='ltr'><strong><em>τό</em></strong></span> <span class='ocrx_word' id='word_1_150' title='bbox 628 1903 816 1981; x_wconf 76' lang='grc' dir='ltr'>ἕτερον</span> <span class='ocrx_word' id='word_1_151' title='bbox 845 1906 1021 1984; x_wconf 89' lang='grc' dir='ltr'>κέρας,</span> <span class='ocrx_word' id='word_1_152' title='bbox 1051 1907 1195 1986; x_wconf 84' lang='grc' dir='ltr'>ἥπερ</span> <span class='ocrx_word' id='word_1_153' title='bbox 1225 1909 1569 1985; x_wconf 86' lang='grc' dir='ltr'>Ἀθηναίους·</span> <span class='ocrx_word' id='word_1_154' title='bbox 1612 1906 1676 1968; x_wconf 75' lang='grc' dir='ltr'>οὖ</span> <span class='ocrx_word' id='word_1_155' title='bbox 1707 1907 1818 1989; x_wconf 85' lang='grc' dir='ltr'>γάρ</span> <span class='ocrx_word' id='word_1_156' title='bbox 1844 1909 1960 1983; x_wconf 81' lang='grc' dir='ltr'>σφί</span> 
     </span>
     <span class='ocr_line' id='line_1_22' title="bbox 357 1991 1955 2078; baseline 0.005 -30"><span class='ocrx_word' id='word_1_157' title='bbox 357 1993 484 2050; x_wconf 80' lang='grc' dir='ltr'>’ἐστι</span> <span class='ocrx_word' id='word_1_158' title='bbox 512 1991 646 2072; x_wconf 81' lang='grc' dir='ltr'>ἔργα</span> <span class='ocrx_word' id='word_1_159' title='bbox 675 1991 767 2052; x_wconf 75' lang='grc' dir='ltr'>οἶά</span> <span class='ocrx_word' id='word_1_160' title='bbox 792 2019 898 2072; x_wconf 89' lang='grc' dir='ltr'>περ</span> <span class='ocrx_word' id='word_1_161' title='bbox 924 1994 1061 2072; x_wconf 73' lang='grc' dir='ltr'>ἡμῖν</span> <span class='ocrx_word' id='word_1_162' title='bbox 1089 1997 1525 2078; x_wconf 85' lang='grc' dir='ltr'>κατεργασμένα,</span> <span class='ocrx_word' id='word_1_163' title='bbox 1555 1995 1665 2056; x_wconf 78' lang='grc' dir='ltr'>οὔτ’</span> <span class='ocrx_word' id='word_1_164' title='bbox 1692 1995 1768 2056; x_wconf 75' lang='grc' dir='ltr'>ὧν</span> <span class='ocrx_word' id='word_1_165' title='bbox 1794 1996 1955 2056; x_wconf 81' lang='grc' dir='ltr'>καινοὶ</span> 
     </span>
     <span class='ocr_line' id='line_1_23' title="bbox 360 2077 772 2140; baseline 0.005 -2"><span class='ocrx_word' id='word_1_166' title='bbox 360 2077 485 2138; x_wconf 78' lang='grc' dir='ltr'>οὔτε</span> <span class='ocrx_word' id='word_1_167' title='bbox 504 2079 772 2140; x_wconf 85' lang='grc' dir='ltr'>παλαιά.”</span> 
     </span>
    </p>

    <p class='ocr_par' dir='ltr' id='par_1_2' title="bbox 349 2169 2051 3300">
     <span class='ocr_line' id='line_1_24' title="bbox 441 2169 2051 2251; baseline 0.005 -27"><span class='ocrx_word' id='word_1_168' title='bbox 441 2171 515 2226; x_wconf 79' lang='grc' dir='ltr'>Οἱ</span> <span class='ocrx_word' id='word_1_169' title='bbox 554 2170 658 2244; x_wconf 80' lang='grc' dir='ltr'>μὲν</span> <span class='ocrx_word' id='word_1_170' title='bbox 695 2173 873 2230; x_wconf 80' lang='grc' dir='ltr'>ταῦτα</span> <span class='ocrx_word' id='word_1_171' title='bbox 915 2171 1128 2251; x_wconf 76' lang='grc' dir='ltr'>ἔλεγον·</span> <span class='ocrx_word' id='word_1_172' title='bbox 1181 2170 1468 2247; x_wconf 80' lang='grc' dir='ltr'>Ἀθηναῖοι</span> <span class='ocrx_word' id='word_1_173' title='bbox 1509 2171 1569 2230; x_wconf 82' lang='grc' dir='ltr'>δὲ</span> <span class='ocrx_word' id='word_1_174' title='bbox 1609 2169 1751 2248; x_wconf 81' lang='grc' dir='ltr'>πρός</span> <span class='ocrx_word' id='word_1_175' title='bbox 1778 2175 1955 2231; x_wconf 83' lang='grc' dir='ltr'>ταῦτα</span> <span class='ocrx_word' id='word_1_176' title='bbox 1975 2172 2051 2232; x_wconf 81' lang='grc'>27</span> 
     </span>
     <span class='ocr_line' id='line_1_25' title="bbox 357 2251 1955 2336; baseline 0.006 -27"><span class='ocrx_word' id='word_1_177' title='bbox 357 2251 719 2331; x_wconf 78' lang='grc' dir='ltr'>ὖπεκρίναντο</span> <span class='ocrx_word' id='word_1_178' title='bbox 754 2257 904 2316; x_wconf 86' lang='grc' dir='ltr'>τάδε·</span> <span class='ocrx_word' id='word_1_179' title='bbox 948 2267 984 2294; x_wconf 87' lang='grc'><strong>“</strong></span> <span class='ocrx_word' id='word_1_180' title='bbox 1000 2258 1351 2335; x_wconf 80' lang='grc' dir='ltr'>ἐπιστάμεθα</span> <span class='ocrx_word' id='word_1_181' title='bbox 1380 2285 1483 2336; x_wconf 89' lang='grc' dir='ltr'>μεν</span> <span class='ocrx_word' id='word_1_182' title='bbox 1517 2259 1755 2321; x_wconf 79' lang='grc' dir='ltr'>σύνοδον</span> <span class='ocrx_word' id='word_1_183' title='bbox 1794 2259 1955 2335; x_wconf 86' lang='grc' dir='ltr'>τήνδε</span> 
     </span>
     <span class='ocr_line' id='line_1_26' title="bbox 356 2338 1957 2426; baseline 0.008 -29"><span class='ocrx_word' id='word_1_184' title='bbox 356 2338 543 2416; x_wconf 82' lang='grc' dir='ltr'>μάχης</span> <span class='ocrx_word' id='word_1_185' title='bbox 578 2342 755 2400; x_wconf 76' lang='grc' dir='ltr'>εἵνεκα</span> <span class='ocrx_word' id='word_1_186' title='bbox 791 2348 1140 2424; x_wconf 76' lang='grc' dir='ltr'>συλλεγῆναι</span> <span class='ocrx_word' id='word_1_187' title='bbox 1172 2347 1311 2424; x_wconf 81' lang='grc' dir='ltr'>πρός</span> <span class='ocrx_word' id='word_1_188' title='bbox 1340 2372 1441 2406; x_wconf 87' lang='grc' dir='ltr'>τον</span> <span class='ocrx_word' id='word_1_189' title='bbox 1474 2348 1790 2426; x_wconf 84' lang='grc' dir='ltr'>βάρβαρον,</span> <span class='ocrx_word' id='word_1_190' title='bbox 1824 2346 1957 2408; x_wconf 70' lang='grc' dir='ltr'>ἀλλ’</span> 
     </span>
     <span class='ocr_line' id='line_1_27' title="bbox 359 2423 1958 2544; baseline 0.008 -61"><span class='ocrx_word' id='word_1_191' title='bbox 359 2423 424 2482; x_wconf 73' lang='grc' dir='ltr'>οὗ</span> <span class='ocrx_word' id='word_1_192' title='bbox 462 2426 664 2506; x_wconf 89' lang='grc' dir='ltr'>λόγων.</span> <span class='ocrx_word' id='word_1_193' title='bbox 748 2429 866 2501; x_wconf 66' lang='grc' dir='ltr'>ἐπεὶ</span> <span class='ocrx_word' id='word_1_194' title='bbox 908 2429 966 2489; x_wconf 81' lang='grc' dir='ltr'>δὲ</span> <span class='ocrx_word' id='word_1_195' title='bbox 1008 2458 1040 2490; x_wconf 95' lang='grc' dir='ltr'>ο</span> <span class='ocrx_word' id='word_1_196' title='bbox 1094 2434 1370 2544; x_wconf 80' lang='grc' dir='ltr'>Τεγεήτης</span> <span class='ocrx_word' id='word_1_197' title='bbox 1414 2437 1695 2512; x_wconf 83' lang='grc' dir='ltr'>προέθηκε</span> <span class='ocrx_word' id='word_1_198' title='bbox 1739 2435 1958 2495; x_wconf 89' lang='grc' dir='ltr'>παλαια</span> 
     </span>
     <span class='ocr_line' id='line_1_28' title="bbox 355 2511 1956 2602; baseline 0.01 -33.04"><span class='ocrx_word' id='word_1_199' title='bbox 355 2511 450 2570; x_wconf 79' lang='grc' dir='ltr'>καὶ</span> <span class='ocrx_word' id='word_1_200' title='bbox 491 2539 652 2573; x_wconf 88' lang='grc' dir='ltr'>καινα</span> <span class='ocrx_word' id='word_1_201' title='bbox 689 2517 876 2597; x_wconf 85' lang='grc' dir='ltr'>λέγειν</span> <span class='ocrx_word' id='word_1_202' title='bbox 913 2543 984 2578; x_wconf 86' lang='grc' dir='ltr'>τα</span> <span class='ocrx_word' id='word_1_203' title='bbox 1025 2522 1337 2597; x_wconf 88' lang='grc' dir='ltr'>εκατέροισι</span> <span class='ocrx_word' id='word_1_204' title='bbox 1374 2526 1431 2581; x_wconf 87' lang='grc' dir='ltr'>ἐν</span> <span class='ocrx_word' id='word_1_205' title='bbox 1465 2525 1543 2601; x_wconf 77' lang='grc' dir='ltr'>τῷ</span> <span class='ocrx_word' id='word_1_206' title='bbox 1574 2523 1741 2582; x_wconf 84' lang='grc' dir='ltr'>παντὶ</span> <span class='ocrx_word' id='word_1_207' title='bbox 1773 2523 1956 2602; x_wconf 75' lang='grc' dir='ltr'>χρόνῳ</span> 
     </span>
     <span class='ocr_line' id='line_1_29' title="bbox 358 2601 1956 2690; baseline 0.008 -33"><span class='ocrx_word' id='word_1_208' title='bbox 358 2601 732 2682; x_wconf 84' lang='grc' dir='ltr'>κατέργασται</span> <span class='ocrx_word' id='word_1_209' title='bbox 761 2630 1003 2684; x_wconf 82' lang='grc' dir='ltr'>χρηστα,</span> <span class='ocrx_word' id='word_1_210' title='bbox 1038 2607 1346 2690; x_wconf 70' lang='grc' dir='ltr'>ἀναγκαίως</span> <span class='ocrx_word' id='word_1_211' title='bbox 1379 2609 1515 2687; x_wconf 82' lang='grc' dir='ltr'>ἦμῖν</span> <span class='ocrx_word' id='word_1_212' title='bbox 1555 2609 1669 2688; x_wconf 79' lang='grc' dir='ltr'>ἔχει</span> <span class='ocrx_word' id='word_1_213' title='bbox 1704 2609 1956 2685; x_wconf 78' lang='grc' dir='ltr'>δηλῶσαι</span> 
     </span>
     <span class='ocr_line' id='line_1_30' title="bbox 355 2689 1955 2774; baseline 0.006 -28"><span class='ocrx_word' id='word_1_214' title='bbox 355 2689 495 2765; x_wconf 76' lang='grc' dir='ltr'>πρὸς</span> <span class='ocrx_word' id='word_1_215' title='bbox 535 2689 720 2767; x_wconf 87' lang='grc' dir='ltr'>υμέας,</span> <span class='ocrx_word' id='word_1_216' title='bbox 761 2691 891 2754; x_wconf 88' lang='grc' dir='ltr'>οθεν</span> <span class='ocrx_word' id='word_1_217' title='bbox 930 2693 1064 2770; x_wconf 81' lang='grc' dir='ltr'>ἤμῖν</span> <span class='ocrx_word' id='word_1_218' title='bbox 1104 2695 1381 2773; x_wconf 76' lang='grc' dir='ltr'>πατρώϊόν</span> <span class='ocrx_word' id='word_1_219' title='bbox 1440 2702 1577 2765; x_wconf 83' lang='grc' dir='ltr'>ἐστι,</span> <span class='ocrx_word' id='word_1_220' title='bbox 1618 2700 1774 2755; x_wconf 80' lang='grc' dir='ltr'>ἐοῦσι</span> <span class='ocrx_word' id='word_1_221' title='bbox 1821 2722 1955 2774; x_wconf 89' lang='grc' dir='ltr'>χρη-</span> 
     </span>
     <span class='ocr_line' id='line_1_31' title="bbox 357 2780 1953 2862; baseline 0.007 -29"><span class='ocrx_word' id='word_1_222' title='bbox 357 2780 550 2836; x_wconf 86' lang='grc' dir='ltr'>στοῖσι</span> <span class='ocrx_word' id='word_1_223' title='bbox 570 2780 690 2852; x_wconf 78' lang='grc' dir='ltr'>αἰεὶ,</span> <span class='ocrx_word' id='word_1_224' title='bbox 719 2780 991 2859; x_wconf 75' lang='grc' dir='ltr'>πρώτοισι</span> <span class='ocrx_word' id='word_1_225' title='bbox 1020 2784 1157 2843; x_wconf 80' lang='grc' dir='ltr'>εἶναι</span> <span class='ocrx_word' id='word_1_226' title='bbox 1182 2783 1468 2860; x_wconf 63' lang='grc' dir='ltr'>μᾶλλον*</span> <span class='ocrx_word' id='word_1_227' title='bbox 1435 2811 1471 2860; x_wconf 91' lang='grc' dir='ltr'>η</span> <span class='ocrx_word' id='word_1_228' title='bbox 1491 2783 1746 2861; x_wconf 79' lang='grc' dir='ltr'>Ἀρκάσι·</span> <span class='ocrx_word' id='word_1_229' title='bbox 1783 2783 1953 2862; x_wconf 69' lang='grc' dir='ltr'>Ἠρα-</span> 
     </span>
     <span class='ocr_line' id='line_1_32' title="bbox 356 2863 1953 2954; baseline 0.008 -34"><span class='ocrx_word' id='word_1_230' title='bbox 356 2863 577 2928; x_wconf 87' lang='grc' dir='ltr'>κλείδας</span> <span class='ocrx_word' id='word_1_231' title='bbox 608 2868 722 2927; x_wconf 71' lang='grc' dir='ltr'>τῶν</span> <span class='ocrx_word' id='word_1_232' title='bbox 750 2894 903 2928; x_wconf 90' lang='grc' dir='ltr'>ουτοι</span> <span class='ocrx_word' id='word_1_233' title='bbox 940 2873 1088 2946; x_wconf 84' lang='grc' dir='ltr'>φασὶ</span> <span class='ocrx_word' id='word_1_234' title='bbox 1119 2871 1441 2932; x_wconf 75' lang='grc' dir='ltr'>ἀποκτεῖναι</span> <span class='ocrx_word' id='word_1_235' title='bbox 1479 2897 1578 2932; x_wconf 89' lang='grc' dir='ltr'>τον</span> <span class='ocrx_word' id='word_1_236' title='bbox 1610 2869 1860 2954; x_wconf 82' lang='grc' dir='ltr'>ηγεμόνα</span> <span class='ocrx_word' id='word_1_237' title='bbox 1896 2877 1953 2934; x_wconf 88' lang='grc' dir='ltr'>ἐν</span> 
     </span>
     <span class='ocr_line' id='line_1_33' title="bbox 352 2947 1953 3036; baseline 0.006 -27.108"><span class='ocrx_word' id='word_1_238' title='bbox 352 2947 579 3033; x_wconf 77' lang='grc' dir='ltr'>Ἰσθμῷ,</span> <span class='ocrx_word' id='word_1_239' title='bbox 609 2957 774 3014; x_wconf 83' lang='grc' dir='ltr'>τοῦτο</span> <span class='ocrx_word' id='word_1_240' title='bbox 809 2961 913 3034; x_wconf 78' lang='grc' dir='ltr'>μὲν</span> <span class='ocrx_word' id='word_1_241' title='bbox 947 2958 1175 3023; x_wconf 80' lang='grc' dir='ltr'>τούτους</span> <span class='ocrx_word' id='word_1_242' title='bbox 1200 2958 1471 3036; x_wconf 86' lang='grc' dir='ltr'>πρότερον</span> <span class='ocrx_word' id='word_1_243' title='bbox 1499 2959 1953 3034; x_wconf 82' lang='grc' dir='ltr'>ἐξελαυνομένους</span> 
     </span>
     <span class='ocr_line' id='line_1_34' title="bbox 351 3036 1952 3125; baseline 0.005 -27"><span class='ocrx_word' id='word_1_244' title='bbox 351 3036 462 3099; x_wconf 75' lang='grc' dir='ltr'>ὕπο</span> <span class='ocrx_word' id='word_1_245' title='bbox 481 3041 701 3103; x_wconf 85' lang='grc' dir='ltr'>πάντων</span> <span class='ocrx_word' id='word_1_246' title='bbox 721 3047 830 3104; x_wconf 76' lang='grc' dir='ltr'>τῶν</span> <span class='ocrx_word' id='word_1_247' title='bbox 849 3044 1191 3122; x_wconf 82' lang='grc' dir='ltr'>Ἑλλήνων’</span> <span class='ocrx_word' id='word_1_248' title='bbox 1165 3073 1220 3110; x_wconf 87' lang='grc' dir='ltr'>ες</span> <span class='ocrx_word' id='word_1_249' title='bbox 1244 3071 1372 3108; x_wconf 83' lang='grc' dir='ltr'>τους</span> <span class='ocrx_word' id='word_1_250' title='bbox 1398 3045 1691 3106; x_wconf 71' lang='grc' dir='ltr'>ἀπικοίατο</span> <span class='ocrx_word' id='word_1_251' title='bbox 1719 3045 1952 3125; x_wconf 70' lang='grc' dir='ltr'>φεύγον·</span> 
     </span>
     <span class='ocr_line' id='line_1_35' title="bbox 349 3129 1950 3211; baseline 0.004 -24"><span class='ocrx_word' id='word_1_252' title='bbox 349 3152 440 3192; x_wconf 86' lang='grc' dir='ltr'>τες</span> <span class='ocrx_word' id='word_1_253' title='bbox 479 3129 826 3208; x_wconf 84' lang='grc' dir='ltr'>δουλοσύνην</span> <span class='ocrx_word' id='word_1_254' title='bbox 864 3134 1004 3211; x_wconf 85' lang='grc' dir='ltr'>πρὸς</span> <span class='ocrx_word' id='word_1_255' title='bbox 1051 3135 1403 3210; x_wconf 82' lang='grc' dir='ltr'>Μυκηναίων,</span> <span class='ocrx_word' id='word_1_256' title='bbox 1444 3136 1641 3211; x_wconf 82' lang='grc' dir='ltr'>μοῦνοι</span> <span class='ocrx_word' id='word_1_257' title='bbox 1687 3133 1950 3203; x_wconf 76' lang='grc' dir='ltr'>υποδεξά-</span> 
     </span>
     <span class='ocr_line' id='line_1_36' title="bbox 353 3220 1951 3300; baseline 0.002 -22"><span class='ocrx_word' id='word_1_258' title='bbox 353 3243 523 3295; x_wconf 87' lang='grc' dir='ltr'>μενοι,</span> <span class='ocrx_word' id='word_1_259' title='bbox 550 3246 656 3296; x_wconf 89' lang='grc' dir='ltr'>την</span> <span class='ocrx_word' id='word_1_260' title='bbox 681 3227 757 3280; x_wconf 79' lang='grc' dir='ltr'>Ει</span> <span class='ocrx_word' id='word_1_261' title='bbox 751 3220 1004 3300; x_wconf 84' lang='grc' dir='ltr'>’ρυσθέος</span> <span class='ocrx_word' id='word_1_262' title='bbox 1023 3222 1194 3300; x_wconf 81' lang='grc' dir='ltr'>ὕβριν</span> <span class='ocrx_word' id='word_1_263' title='bbox 1215 3224 1558 3299; x_wconf 85' lang='grc' dir='ltr'>κατείλομεν,</span> <span class='ocrx_word' id='word_1_264' title='bbox 1586 3221 1695 3284; x_wconf 79' lang='grc' dir='ltr'>σῦν</span> <span class='ocrx_word' id='word_1_265' title='bbox 1721 3223 1951 3282; x_wconf 86' lang='grc' dir='ltr'>κεινοισι</span> 
     </span>
    </p>
   </div>
   <div class='ocr_carea' id='block_1_2' title="bbox 257 3307 1948 3390">
    <p class='ocr_par' dir='ltr' id='par_1_3' title="bbox 257 3307 1948 3390">
     <span class='ocr_line' id='line_1_37' title="bbox 257 3307 1948 3390; baseline 0.001 -21"><span class='ocrx_word' id='word_1_266' title='bbox 257 3359 262 3362; x_wconf 93' lang='grc'>.</span> <span class='ocrx_word' id='word_1_267' title='bbox 344 3307 504 3389; x_wconf 80' lang='grc' dir='ltr'>μάχῃ</span> <span class='ocrx_word' id='word_1_268' title='bbox 546 3310 870 3390; x_wconf 85' lang='grc' dir='ltr'>νικήσαντες</span> <span class='ocrx_word' id='word_1_269' title='bbox 899 3337 1028 3374; x_wconf 89' lang='grc' dir='ltr'>τους</span> <span class='ocrx_word' id='word_1_270' title='bbox 1057 3310 1187 3372; x_wconf 88' lang='grc' dir='ltr'>τότε</span> <span class='ocrx_word' id='word_1_271' title='bbox 1221 3311 1448 3390; x_wconf 81' lang='grc' dir='ltr'>ἔχοντας</span> <span class='ocrx_word' id='word_1_272' title='bbox 1486 3310 1948 3388; x_wconf 82' lang='grc' dir='ltr'>Πελοπόννησον·</span> 
     </span>
    </p>
   </div>
   <div class='ocr_carea' id='block_1_3' title="bbox 364 3389 564 3443">
    <p class='ocr_par' dir='ltr' id='par_1_4' title="bbox 364 3389 564 3443">
     <span class='ocr_line' id='line_1_38' title="bbox 364 3389 564 3443; baseline 0.03 -6"><span class='ocrx_word' id='word_1_273' title='bbox 364 3389 564 3443; x_wconf 82' lang='lat'><strong>11.-23</strong></span> 
     </span>
    </p>
   </div>
  </div>
 </body>
</html>
