2259 3500
296 129 516 195 34-37]
920 129 1297 182 KAAAIOIIH.
1797 135 1891 181 ⁶299

295 215 358 273 ἐν
381 215 730 291 Πλαταιῇσι·
772 211 865 271 ἐπὶ
891 209 968 281 δὲ,
994 210 1028 271 ὅ
1051 215 1120 297 ’ἐν
1151 212 1329 292 Τεγέῃ
1358 213 1499 290 πρός
1532 210 1807 293 Τεγεήτας
1832 237 1895 273 τε

295 300 390 360 καὶ
429 299 714 381 Ἀργείους
753 298 1065 381 γενόμενος·
1111 299 1254 377 μετοὶ
1298 300 1373 370 δὲ,
1416 299 1450 360 ὅ
1494 305 1551 360 ἐν
1595 305 1894 361 Διπαιεῦσι

295 387 436 466 πρὸς
463 386 738 465 Ἀρκάδας
775 387 1001 460 πάντας,
1046 387 1199 463 πλὴν
1240 389 1580 448 Μαντινέων·
1623 389 1714 448 ἐπὶ
1750 388 1824 462 δὲ,
1860 388 1893 450 ὅ

295 477 652 552 Μεσσηνίων,
697 475 730 536 ὁ
775 475 916 552 πρδς
959 478 1036 554 τῷ
1075 475 1305 554 Ἰσθμῷ·
1353 474 1594 540 ὕστατος
1633 477 1708 547 δὲ,
1758 477 1789 537 ὁ
1838 482 1896 538 ἐν

294 563 554 644 Τανάγρῃ
569 563 709 641 πρὸς
722 561 1050 640 Ἀθηναίους
1074 589 1137 623 τε
1164 565 1257 622 καὶ
1274 563 1558 644 Ἀργείους
1582 563 1894 646 γενόμενος·

295 649 455 714 οὗτος
481 652 540 712 δὲ
564 651 806 716 ὕστατος
834 651 1191 733 κατεργάσθη
1216 656 1327 712 τῶν
1352 654 1515 713 πέντε
1541 652 1781 735 ἀγώνων.

299 797 306 804 ,
375 737 558 802 Οὗτος
583 739 651 814 δή
691 738 818 800 τότε
854 744 1008 799 τοῖσι
1032 738 1289 817 Ἕλλησι
1318 739 1349 799 ὅ
1380 741 1705 818 Τισαμενὸς,
1734 741 1894 822 οἶγόν-
1913 744 1989 802 36

291 851 401 888 των
428 831 538 886 τῶν
575 828 981 906 Σπαρτιητέων,
1022 827 1346 903 ἐμαντεύετο
1380 833 1439 888 ἐν
1462 833 1535 906 τῇ
1572 829 1893 888 Πλαταιίδι.

291 919 446 976 τοῖσι
471 915 575 992 μέν
605 942 701 976 νυν
721 915 977 992 Ἕλλησι
1017 915 1165 974 καλαῖ
1202 916 1411 997 ἐγίνετο
1446 917 1517 977 ταῖ
1555 917 1660 995 ἱρὰ,
1695 917 1894 994 ἄμυνο-

291 1004 530 1081 μένοισι·
561 1003 798 1080 διαβᾶσι
826 1004 886 1063 δὲ
909 1005 1009 1064 τᾶν
1027 1003 1291 1065 Ἀσωπὸν
1320 1005 1410 1064 καὶ
1428 1004 1612 1085 μάχης
1640 1006 1894 1085 ἄρχουσι,

292 1090 376 1151 οὗ.
461 1091 758 1172 Μαρδονίῳ
791 1091 852 1152 δὲ
881 1093 1311 1172 προθυμεομένῳ
1344 1093 1529 1173 μάχης
1562 1093 1767 1173 ἄρχειν,
1797 1092 1895 1152 οὐκ
1912 1093 1988 1156 37

292 1180 550 1256 ἐπιτήδεα
594 1181 803 1262 ἐγίνετο
847 1180 917 1241 τσῖ
964 1180 1073 1258 ἱρά·
1121 1179 1445 1261 ἀμυνομένῳ
1486 1183 1545 1241 δὲ
1587 1183 1679 1241 καὶ
1718 1182 1895 1262 τούτῳ

291 1268 457 1328 καλά·
515 1269 607 1328 καὶ
648 1269 757 1350 γαρ
805 1267 964 1332 οὗτος
1004 1269 1395 1346 Ἑλληνικοῖσι
1442 1274 1613 1348 ἱροῖσι
1656 1271 1893 1350 ἐχρέετο,

289 1355 487 1434 μάντιν
521 1359 660 1436 ἔχων
693 1357 1170 1440 Ἡγησίστρατον,
1214 1357 1387 1436 ἄνδρα
1426 1357 1657 1419 Ἠλεῖόν
1698 1385 1761 1419 τε
1803 1359 1895 1418 καὶ

289 1448 400 1506 τῶν
418 1445 765 1506 Τελλιαδέων
793 1445 954 1506 ἐόντα
979 1444 1386 1526 λογιμώτατον·
1413 1446 1512 1505 τόν
1530 1447 1597 1522 δὴ
1624 1445 1897 1525 πρότερον

291 1533 499 1594 τούτων
524 1536 870 1612 Σπαρτιῆται
897 1533 1176 1610 λαβόντες
1208 1535 1413 1610 ἔδησαν
1442 1535 1531 1593 ἐπὶ
1566 1534 1795 1613 θανάτῳ,
1825 1533 1897 1598 ὥς

289 1621 630 1685 πεπονθότες
664 1621 859 1682 πολλά
888 1647 952 1682 τε
989 1622 1080 1681 καὶ
1125 1621 1367 1698 α’νάρσια
1403 1621 1495 1681 ὕπ’
1538 1620 1724 1680 αὖτοΰ·
1770 1621 1801 1681 ὁ
1837 1621 1897 1680 δὲ

293 1713 351 1771 ἐν
385 1709 560 1789 τούτῳ
595 1713 672 1790 τῷ
715 1714 862 1790 κακῷ
895 1710 1173 1790 ἐχόμενος,
1212 1708 1358 1770 ὥστε
1392 1712 1601 1790 τρέχων
1635 1710 1761 1787 περὶ
1796 1713 1897 1787 τῆς

292 1803 476 1879 ψυχῆς
501 1798 611 1876 πρό
636 1824 698 1858 τε
723 1804 826 1858 τοῦ
859 1799 1098 1859 θανάτου
1129 1798 1462 1875 πεισόμενος
1491 1797 1687 1857 πολλά
1711 1824 1773 1857 τε
1801 1798 1892 1857 καὶ

291 1887 489 1969 λυγρὰ,
546 1889 708 1969 ἔργον
761 1886 1042 1969 ἐργάσατο
1085 1888 1254 1964 μέζον
1296 1885 1492 1969 λόγου·
1560 1886 1631 1950 ὥς
1671 1880 1781 1967 γάρ
1822 1886 1894 1971 δή

292 1976 504 2036 ἐδέδετο
532 1981 590 2035 ἐν
617 1975 764 2056 ξύλῳ
791 1974 1147 2055 σιδηροδέτῳ,
1172 1976 1581 2055 ἐσενειχθέντος
1608 2000 1711 2037 κως
1738 1974 1894 2050 σιδη-

289 2064 412 2142 ρίου
455 2064 745 2143 ἐκράτησε·
801 2063 999 2124 αὐτίκα
1047 2064 1106 2123 δὲ
1150 2068 1468 2143 ἐμηχανᾶτο
1511 2061 1896 2139 ἀνδρειότατον

291 2153 454 2235 ἔργον
477 2153 696 2214 πάντων
734 2157 844 2213 τῶν
869 2150 1030 2229 ἡμεῖς
1067 2152 1243 2227 ἴδμεν·
1285 2150 1757 2229 σταθμησάμενος
1786 2149 1897 2230 γοὶρ

291 2240 430 2304 ὅκως
461 2240 818 2311 ἐξελεύσεταί
856 2243 910 2299 οἶ
944 2239 1011 2299 τὰ
1047 2238 1253 2299 λοιπόν
1282 2244 1384 2299 τοῦ
1422 2235 1611 2310 ποδός,
1649 2237 1897 2316 ἀπέταμε

291 2328 392 2389 τᾶν
413 2328 626 2405 ταρσόν
657 2331 876 2397 ἑωυτοῦ,
903 2330 1078 2386 ταῦτα
1115 2327 1175 2385 δὲ
1210 2326 1469 2402 ποιήσας,
1500 2327 1646 2387 ὥστε
1673 2332 1896 2403 φυλασ-

293 2416 532 2492 σόμενος
561 2413 672 2475 ὕπο
714 2412 998 2492 φυλάκων,
1036 2413 1289 2491 διορυξας
1324 2440 1423 2475 τον
1458 2418 1651 2493 τοῖχον
1688 2414 1899 2491 α’πέδρη

295 2507 351 2566 ἐς
403 2503 627 2583 Τεγέην,
680 2503 782 2566 τοὶς
831 2505 936 2579 μὲν
987 2528 1187 2565 νυκτας
1249 2502 1633 2580 πορευόμενος,
1685 2500 1787 2564 τοὶς
1838 2502 1899 2560 δὲ

292 2590 503 2667 ἡμέρας
547 2590 858 2651 καταδύνων
900 2595 955 2654 ἐς
1002 2589 1146 2666 ὕλην
1189 2591 1281 2649 καὶ
1324 2588 1699 2665 αυλιζόμενος·
1760 2614 1899 2647 ουτω

295 2678 458 2749 ὥστε,
511 2679 958 2757 Λακεδαιμονίων
1022 2678 1297 2755 πανδημεὶ
1366 2678 1678 2753 διζημένων,
1738 2676 1899 2753 τρίτῃ

297 2765 542 2847 εὐφρόνῃ
594 2768 858 2850 γενέσθαι
911 2772 970 2853 ἐν
1019 2767 1215 2848 Τεγέῃ,
1272 2791 1401 2829 τους
1460 2765 1519 2824 δὲ
1572 2768 1630 2823 ἐν
1686 2765 1899 2841 θώματι

293 2855 522 2937 μεγάλω
554 2856 845 2936 ἐνέχεσθαι
870 2859 970 2933 τῆς
1000 2882 1062 2916 τε
1101 2856 1335 2933 τόλμης,
1374 2852 1634 2929 ορέοντας
1672 2851 1740 2911 τὸ
1772 2850 1899 2928 ἠμί-

293 2969 469 3021 τομον
501 2948 604 3005 τοῦ
643 2942 814 3008 ποδος
857 2944 1124 3021 κείμενον,
1170 2942 1420 3003 κακεῖνον
1464 2940 1527 3000 οὗ
1572 2939 1901 3015 δυναμένους

297 3030 490 3110 ευρεῖν.
570 3032 701 3095 τότε
753 3034 858 3111 μὲν
899 3057 1040 3093 ουτω
1083 3024 1369 3111 διαφυγων
1412 3025 1901 3102 Λακεδαιμονίους,

297 3120 637 3204 καταφεύγει
679 3124 735 3185 ἐς
776 3120 1001 3201 Τεγέην,
1047 3124 1256 3179 ἐοῦσαν
1296 3140 1397 3176 ουκ
1440 3114 1680 3192 ἀρθμίην
1719 3119 1899 3172 Λακε-

297 3211 637 3289 δαιμονίοισι
674 3213 874 3273 τοῦτον
907 3236 1011 3271 τον
1043 3206 1265 3290 χρόνον·
1309 3202 1468 3284 ὖγιῆς
1494 3202 1554 3261 δὲ
1589 3200 1901 3284 γενόμενος,

297 3300 388 3357 καὶ
424 3300 962 3379 προσποιησάμενος
1003 3297 1229 3367 ξύλινον
1262 3290 1427 3359 πόδα,
1461 3288 1797 3366 κατεστήκεε
1840 3292 1909 3348 ἐκ.
