2259 3500
319 126 413 171 188
928 122 1298 171 ΗΡοΔοτοτ
1751 125 1910 191 [v11.

218 204 328 261 165
386 202 627 283 Λέγεται
646 200 707 263 δὲ
732 200 825 261 καὶ
849 199 1035 261 τάδει
1000 226 1111 259 υπο
1131 204 1242 261 τῶν
1261 206 1321 261 ἐν
1342 202 1570 282 Σικελίῃ
1589 205 1910 281 οἰκημένον,

310 290 381 353 ὥς
406 288 553 366 ὅμως
588 290 679 349 καὶ
712 290 939 366 μέλλων
962 288 1300 395 «ἰι’.ρχεσθαιε
1268 289 1377 348 υπό
1405 290 1912 367 Λακεδαιμονίωνε
1879 322 1914 353 ο

308 379 498 437 Γέλων
506 376 871 486 ἐβοήθησε
838 402 907 438 αν
931 381 1084 436 τοῖσι
1097 376 1370 453 ’,Ελλησι
1401 382 1450 435 εἰ
1471 377 1553 454 μή
1579 404 1688 437 υπο
1719 380 1911 458 Θήρω-

306 492 401 530 νος
432 467 533 526 τοῦ
568 464 951 542 Αἰνησιδήμου
982 464 1425 545 Ἀκραγαντίνων
1457 464 1776 545 μουνάρχου
1803 470 1914 538 ἐξε-

306 545 554 618 λασθεὶς
576 555 639 623 ἐξ
667 553 886 630 Ἱμέρης
921 551 1258 629 Τήριλλος”
1227 580 1258 612 o
1287 553 1620 661 Κρινίππου,
1650 555 1914 632 τύραννος

308 641 411 703 ἐων
455 642 693 720 Ἱμέρης,
742 646 917 722 ἐπῆγε
957 640 1048 700 υπ’
1096 640 1266 701 αὗτδν
1309 640 1408 700 τὸν
1459 639 1664 751 χρόνον
1713 648 1914 704 τοῦτον

304 732 571 791 Φοινίκων
613 730 705 789 καὶ
744 729 975 803 Λιβύων
1015 729 1107 787 καὶ
1145 727 1386 805 Ἰβήρων
1426 730 1520 787 καὶ
1558 728 1778 810 Λιγύων
1818 733 1914 789 καὶ

304 817 617 879 Ἐλισύκων
664 818 755 877 καὶ
804 817 1117 898 Σαρδονίων
1165 818 1256 876 καὶ
1311 818 1564 895 Κυρνίων
1614 817 1912 894 τριήκοντα

303 908 587 984 μυριάδας,
616 908 709 967 καὶ
734 904 1055 985 στρατηγὸν
1082 904 1261 966 αὐτῶν
1284 905 1564 982 Ἀμίλκαν
1587 904 1688 965 τόν
1701 905 1909 967 Ἀννω-

304 1020 397 1058 νος
445 994 843 1073 Καρχηδονίων
890 994 1050 1053 ἐόντα
1090 994 1364 1069 βασιλέα·
1423 993 1565 1052 κατὰ
1605 993 1807 1069 ξεινίην
1847 1022 1909 1054 τε

302 1082 408 1158 τὴν
432 1086 635 1141 ἑωυτοῦ
664 1081 697 1141 ὅ
733 1081 1015 1159 Ῥήριλλος
1046 1079 1390 1162 ἀναγνώσας,
1419 1082 1510 1141 καὶ
1535 1080 1789 1158 μάλιστα
1815 1083 1908 1141 διὰ

300 1170 407 1244 τήν
436 1169 740 1238 Ἀναξίλεω
775 1172 875 1229 τοῦ
913 1170 1200 1245 Κρητίνεω
1229 1171 1562 1245 προθυμίην,
1589 1168 1650 1232 ὃς
1680 1169 1908 1250 Ῥηγίου

302 1257 407 1317 ἐών
432 1256 711 1334 τύραννος,
730 1256 803 1317 τοὶ
830 1260 1032 1316 ἑωυτοῦ
1055 1258 1220 1317 τέκνα
1245 1256 1372 1319 δοῦς
1396 1256 1638 1334 ὁμήρους
1659 1256 1908 1336 Ἀμίλκᾳ.

302 1347 481 1425 ἐτι-ἦγέ
516 1370 615 1423 μιν
646 1346 738 1404 ἐπὶ
768 1346 872 1421 τήν
904 1346 1181 1421 Σικελίην,
1211 1345 1488 1422 τιμωρέων
1524 1349 1602 1424 τῷ
1639 1348 1902 1426 πενθερῷ·

301 1434 589 1510 Τηρίλλου
628 1432 738 1515 γσῖρ
778 1432 892 1512 εἶχε
926 1434 1205 1513 θυγατέρα
1234 1433 1566 1503 Ἀναξίλεως
1595 1438 1667 1517 τῇ
1694 1434 1904 1513 οὕνομα

300 1517 373 1597 ἦν
398 1522 683 1599 Κυδίππη·
712 1521 853 1581 οὕτω
879 1520 946 1596 δὴ
974 1520 1075 1581 οὐκ
1103 1520 1222 1581 οἶόν
1245 1547 1307 1581 τε
1325 1521 1622 1601 γενόμενον
1640 1524 1903 1598 βοηθέειν

299 1634 401 1669 τον
432 1612 659 1671 Γέλωνα
694 1613 847 1670 τοῖσι
873 1608 1148 1686 Ελλησι,
1175 1608 1529 1686 αποπέμπειν
1556 1614 1610 1671 ἐς
1637 1612 1902 1686 Δελφους

209 1698 323 1758 166
339 1698 411 1759 τοὶ
435 1699 719 1778 χρήματα.
782 1698 938 1776 Προς
964 1699 1024 1760 δὲ
1050 1700 1144 1758 καὶ
1168 1697 1300 1759 τάδε
1319 1699 1570 1779 λέγουσι,
1595 1697 1664 1762 ὥς
1683 1700 1902 1812 συνεβη

298 1791 399 1863 τῆς
452 1787 622 1864 αντῆς
671 1787 883 1865 ἡμέρης
934 1789 991 1846 ἔν
1035 1814 1099 1848 τε
1143 1792 1215 1865 τῇ
1262 1788 1490 1865 Σικελίῃ
1536 1787 1758 1846 Γέλωνα
1806 1791 1900 1848 καὶ

298 1875 532 1951 Θήρωνα
576 1879 733 1935 νικᾶν
783 1873 1062 1950 Ἀμίλκαν
1110 1901 1211 1934 τον
1257 1875 1662 1953 Καρχηδόνιον,
1707 1876 1798 1934 καὶ
1841 1881 1899 1936 ἐν

298 1964 580 2040 Σαλαμῖνι
602 1989 732 2026 τους
746 1961 1035 2037 Ἕλληνας
1057 1987 1158 2022 τον
1184 1963 1438 2038 Πέρσην·
1478 1987 1578 2022 τον
1608 1962 1666 2020 δὲ
1700 1961 1898 2040 Ἀμίλ-

298 2076 401 2110 καν
444 2049 831 2128 Καρχηδόνιον
878 2048 1040 2108 ἐόντα
1080 2048 1223 2126 πρός
1263 2049 1475 2124 πατρὸς
1514 2049 1793 2126 μητρόθεν
1837 2051 1898 2110 δὲ

299 2137 697 2214 Συρηκούσιον,
749 2135 1180 2211 βασιλεύσαντά
1237 2163 1301 2197 τε
1355 2136 1471 2196 κατ’
1526 2137 1898 2218 ἀνδραγαθίην

298 2224 711 2303 Καρχηδονίων,
768 2223 839 2287 ὥς
888 2222 926 2299 ἦ
980 2222 1257 2300 συμβολή
1307 2250 1370 2284 τε
1421 2225 1631 2305 ἐγίνετο
1683 2227 1775 2284 καὶ
1825 2226 1900 2290 ὦς

298 2315 539 2370 ἑσσοῦτο
580 2314 654 2390 τῇ
698 2311 873 2390 μάχῃ,
916 2311 1300 2387 ἀφανισθῆναι
1345 2313 1714 2390 πυνθάνομαι·
1771 2314 1898 2374 οὔτε

294 2398 404 2480 γὰρ
445 2400 619 2468 ζῶντα
661 2398 786 2459 οὔτε
824 2397 1180 2460 ἀποθανόντα
1219 2405 1464 2476 φανῆναι
1503 2400 1747 2478 οὐδαμοῦ
1771 2406 1898 2482 γῆς·ί

206 2487 316 2548 167
334 2486 401 2547 τὸ
442 2491 556 2546 πᾶν
584 2487 697 2567 γὰρ
735 2488 1052 2557 ἐπεξελθεῖν
1084 2488 1377 2565 διζήμενον
1407 2491 1650 2550 Γέλωνα.
1723 2489 1896 2550 Ἔστι

296 2574 357 2634 δὲ
394 2573 486 2634 ὕπ’
526 2573 707 2635 aiv-«311
746 2575 1145 2654 Καρχηδονίων
1185 2576 1278 2636 ὅδε
1317 2576 1350 2636 ὅ
1389 2577 1560 2658 λόγος
1593 2576 1898 2658 λεγόμενος

297 2662 466 2722 εἰκότι
490 2664 829 2742 χρεωμένων,
848 2662 917 2726 ὦς
944 2667 999 2724 οἱ
1021 2666 1125 2740 μὲν
1151 2663 1442 2742 βάρβαροι
1467 2669 1623 2724 τοῖσι
1637 2664 1896 2742 Ἕλλησι

296 2755 357 2810 ἐν
399 2754 473 2830 τῇ
520 2753 749 2831 Σικελίῃ
792 2750 1097 2860 ἐμάχοντοῆ
1110 2753 1175 2821 ἐξ
1211 2751 1347 2828 ἠοῦς
1389 2752 1688 2829 ἀρξάμενοι
1726 2754 1896 2832 μέχρι

294 2837 482 2915 δείλης
531 2838 714 2916 οψίης·
756 2839 871 2918 (ἐπὶ
921 2844 1166 2900 τοσοῦτο
1215 2867 1327 2920 γαρ
1380 2841 1604 2921 λέγεται
1659 2841 1895 2900 ἑλκύσαι

292 2951 397 3002 την
436 2926 839 3006 συστασιν·>
806 2955 839 2988 ο
882 2927 941 2986 δὲ
976 2926 1250 3003 Ἀμίλκας
1293 2932 1352 2987 ἐν
1392 2927 1568 2987 τούτω
1599 2931 1680 3006 τῷ
1711 2928 1896 3008 χρόνω

293 3015 471 3090 μένων
511 3019 571 3074 ἐν
615 3019 693 3095 τῷ
738 3015 1097 3093 στρατοπέδω
1139 3014 1330 3074 ἐθύετο
1373 3016 1465 3074 καὶ
1517 3018 1892 3092 ἐκαλλιρέετο,

294 3102 387 3159 ἐπὶ
412 3107 590 3179 πυρῆς
622 3104 873 3184 μεγάλης
908 3127 1145 3179 σωματα
1180 3102 1290 3164 ολα
1323 3102 1643 3183 καταγίζων,
1672 3104 1798 3163 ἔδων
1833 3103 1894 3162 δὲ

292 3189 506 3265 τροπὴν
534 3193 646 3250 τῶν
674 3195 875 3251 ἑωυτοῦ
908 3191 1222 3272 γινομένην,
1256 3189 1326 3254 ὥς
1357 3191 1515 3268 ἔτυχε
1548 3191 1894 3250 ἐπισπένδων

292 3279 445 3334 τοῖσι
480 3279 670 3352 ἱροῖσι,
699 3277 811 3338 ὦσε
848 3277 1048 3338 ἔωυτόν
1084 3283 1140 3341 ἐς
1168 3279 1234 3337 τό
1265 3281 1396 3354 πῦρ·
1445 3276 1586 3336 οὕτω
1619 3277 1689 3350 δὴ
1727 3303 1892 3340 κατα-ι
