2259 3500
357 118 576 183 ιιι-..36]
987 116 1359 167 ΠΟΛΤΜΜΛ.
1867 122 1958 173 137

357 198 593 259 ἐπύθετο
633 196 861 273 Ξέρξης,
894 196 1043 255 δεινὰ
1084 197 1425 274 ποιεύμενος,
1463 196 1566 258 τᾶν
1603 196 1958 275 Ἑλλήσπον-

353 313 454 345 τον
498 287 716 345 ἐκέλευε
759 285 1083 361 τριηκοσίας
1114 286 1406 346 ἐπικέσθαι
1445 286 1684 367 μάστιγι
1719 287 1957 369 πληγεὶς,

356 374 449 433 καὶ
490 398 732 433 κατειναι
766 377 820 437 ἐς
846 372 913 433 τὸ
940 374 1188 454 πέλαγος
1213 374 1418 435 πεδέων
1460 377 1669 455 ζεῦγος.
1751 375 1856 451 ἤδη
1897 377 1958 436 δὲ

353 462 573 538 ἥκουσα
600 461 670 525 ὥς
697 462 789 519 καὶ
815 462 1041 541 στιγέας
1067 460 1185 537 ἅμα
1221 462 1471 522 τούτοισι
1497 462 1794 542 ἀπέπεμψε
1837 466 1954 523 στί-

354 551 552 619 ξοντας
590 549 690 609 τὸν
720 548 1172 624 Ἑλλήσποντον·
1217 551 1536 610 ἐνετέλλετο
1581 551 1726 627 δή’
1689 579 1760 612 ων
1795 553 1954 629 ῥαπί-

354 640 549 709 ζοντας
574 638 762 719 λέγειν
780 636 1058 715 βάρβαρά
1081 664 1144 697 τε
1172 638 1262 697 καὶ
1289 637 1607 699 ἀτάσθαλα·
1638 650 1673 674 “
1691 638 1732 697 ὧ
1758 640 1956 717 πικρόν

352 726 513 803 ὕδωρ,
544 724 821 801 δεσπότης
846 752 934 785 τοι
962 725 1118 801 δίκην
1141 728 1374 786 ἐπιτιθεῖ
1398 726 1575 802 τήνδε,
1607 727 1693 787 ὅτι
1717 754 1816 804 μιν
1840 728 1954 803 ἠδί-

355 839 532 888 κησας
565 812 721 873 οὐδὲν
761 814 903 891 πρός
943 815 1152 873 ἐκείνου
1193 814 1380 910 ἄδικον
1418 814 1618 875 παθόν·
1663 816 1753 873 καὶ
1782 817 1952 892 βασι·

354 901 485 965 λευς
512 904 615 978 μὲν
641 898 689 945 ¹⁸⁵⁴
641 903 853 979 Ξέρξης
882 902 1224 978 διαβήσεταί
1261 929 1346 973 σε,
1373 901 1444 979 ἥν
1474 930 1536 963 τε
1568 903 1644 962 σύ
1669 930 1736 984 γε
1761 902 1952 983 βούλῃ

353 987 423 1063 ἥν
457 1014 522 1048 τε
558 990 659 1067 μή·
702 992 799 1049 σοὶ
841 991 899 1049 δὲ
941 991 1081 1049 κατοὶ
1122 990 1344 1067 ὃίκην”
1309 1018 1418 1069 αρα
1451 991 1624 1054 οὐδεὶς
1651 990 1950 1067 ἀνθρώπων

355 1076 487 1148 θύει,
518 1078 589 1142 ὥς
615 1078 761 1139 ἐόντι
787 1079 997 1158 ὃολερῶ
1034 1106 1097 1138 τε
1136 1080 1228 1137 καὶ
1269 1079 1498 1159 αλμυρῶ
1529 1084 1777 1159 ποταμῷ·
1848 1080 1952 1155 τήν

354 1190 415 1223 τε
454 1166 521 1242 δὴ
567 1165 871 1227 θάλασσαν
914 1169 1235 1227 ἐνετέλλετο
1275 1168 1528 1227 τούτοισι
1569 1170 1815 1244 ζημιοῦν,
1861 1169 1952 1226 καὶ

352 1257 461 1313 τῶν
488 1256 841 1317 ἐπεστεώτων
865 1260 936 1333 τῇ
964 1256 1109 1326 ζεύξι
1145 1261 1245 1315 τοῦ
1271 1256 1702 1332 Ἑλλησπόντου
1743 1255 1949 1315 ἀποτα-

352 1345 478 1415 μεῖν
507 1342 606 1406 τὰς
638 1343 908 1419 κεφαλάς.
994 1346 1109 1403 Καὶ
1137 1347 1190 1403 οἱ
1216 1346 1321 1421 μὲν
1345 1349 1520 1404 ταῦτα
1553 1345 1768 1403 ἐποίεον
1797 1348 1948 1403 τοῖσι
1968 1346 2042 1403 36

354 1431 690 1505 προσεκέετο
732 1431 871 1507 αὕτη
896 1430 933 1508 ἦ
962 1430 1159 1511 ἄχαρις
1183 1432 1338 1509 τιμή·
1379 1432 1479 1495 τοὶς
1505 1433 1564 1491 δὲ
1589 1431 1762 1490 ἄλλοι
1793 1430 1948 1510 οἷρχι-

354 1518 602 1582 τέκτονες
642 1520 992 1600 ἐζεύγνυσαν·
1036 1520 1370 1601 ἐζεύγνυσαν
1402 1521 1461 1579 δὲ
1493 1518 1615 1579 ὦδε·
1656 1546 1950 1594 πεντηκον-

354 1603 545 1682 τέρους
573 1608 663 1665 καὶ
686 1607 941 1684 τριήρεας
962 1608 1270 1679 συνθέντες,
1291 1606 1401 1667 ὖπό
1426 1610 1530 1682 μὲν
1555 1606 1658 1682 τήν
1683 1606 1822 1683 πρός
1848 1612 1948 1665 τοῦ

354 1691 615 1763 Εὐξείνου
657 1694 879 1756 Πόντου
924 1694 1190 1772 ἑξήκοντά
1231 1720 1292 1756 τε
1333 1695 1424 1754 καὶ
1465 1695 1801 1772 τριηκοσίας,
1837 1693 1948 1755 ὖπό

354 1781 415 1841 δὲ
438 1783 542 1858 τήν
568 1784 757 1858 ἑτέρην
794 1784 1302 1861 τεσσερεσκαίδεκα
1343 1784 1435 1842 καὶ
1473 1783 1812 1860 τριηκοσίας,
1849 1787 1949 1841 τοῦ

350 1873 455 1948 μὲν
482 1870 703 1931 Πόντου
740 1873 1066 1949 ἐπικαρσίας
1103 1875 1205 1930 τοῦ
1247 1873 1304 1930 δὲ
1344 1869 1774 1946 Ἑλλησπόντου
1809 1869 1950 1929 κατὰ

351 1957 497 2035 ῥόον,
522 1960 619 2018 ἵνα·
634 1958 955 2039 ἀνακωχεύῃ
980 1959 1080 2019 τόν
1104 1959 1270 2020 τόνον
1294 1964 1405 2021 τῶν
1423 1958 1632 2019 ὅπλων·
1661 1959 1951 2021 συνθέντες

352 2045 425 2115 δὲ,
456 2046 699 2128 ἀγκύρας
728 2052 971 2124 κατῆκαν
997 2046 1513 2125 περιμήκεας-τσῖς
1536 2049 1640 2125 μὲν
1672 2046 1812 2124 πρὸς
1849 2050 1950 2106 τοῦ

354 2135 575 2195 Πόντου
605 2140 705 2211 τῆς
732 2135 931 2212 ἑτέρης,
962 2137 1072 2194 τῶν
1113 2133 1328 2212 σῖνέμων
1367 2137 1568 2196 εἵνεκεν
1604 2139 1714 2195 τῶν
1741 2135 1947 2194 ἔσωθεν

352 2222 701 2292 ἐκπνεόντων,
729 2227 829 2298 τῆς
856 2225 914 2282 δὲ
943 2224 1129 2300 ἑτέρης
1165 2223 1312 2304 [τῆς]
1338 2223 1478 2300 πρός
1506 2224 1745 2300 ἑσπέρης
1766 2248 1830 2282 τε
1857 2223 1949 2281 καὶ

350 2313 451 2367 τοῦ
486 2309 965 2388 Αἰγαίου-εὔρου
1004 2337 1066 2370 τε
1102 2312 1195 2368 καὶ
1222 2311 1384 2370 νότου
1413 2312 1609 2370 εἵνεκα·
1653 2311 1950 2370 διέκπλοον

352 2396 411 2452 δὲ
437 2395 763 2471 ὑπόφαυσιν
796 2398 1094 2458 κατέλιπον
1118 2402 1228 2458 τῶν
1254 2399 1694 2474 πεντηκοντέρων
1721 2399 1812 2456 καὶ
1835 2424 1950 2475 τρι-

351 2487 477 2559 χοῦ,
508 2482 596 2542 ἵνα
624 2483 717 2542 καὶ
742 2487 797 2546 ἐς
820 2483 920 2543 τᾶν
945 2485 1168 2544 Πόντον
1197 2487 1298 2564 ἔχῃ
1323 2485 1355 2544 ό
1381 2484 1732 2562 βουλόμενος
1757 2487 1950 2544 πλέειν

353 2569 609 2629 πλοίοισι
650 2574 929 2641 λεπτοῖσι,
973 2573 1065 2631 καὶ
1108 2578 1168 2631 ἐκ
1211 2578 1311 2632 τοῦ
1347 2573 1573 2632 Πόντου
1615 2575 1734 2644 ἔξω·
1775 2578 1950 2633 ταῦτα

352 2655 413 2714 δὲ
438 2657 785 2733 ποιήσαντες,
814 2661 1123 2720 κατέτεινον
1151 2665 1211 2718 ἐκ
1237 2666 1341 2742 γῆς
1368 2663 1778 2738 στρεβλοῦντες
1810 2660 1950 2719 ὄνοι-

354 2764 417 2804 σι
441 2743 719 2813 ξυλίνοισι
735 2772 807 2805 τα
825 2747 995 2818 ὅπλα,
1017 2747 1202 2808 ουκέτι
1223 2749 1391 2828 χωρὶς
1419 2749 1648 2826 ἑκατερα
1671 2747 1949 2818 τάξαντες,

355 2831 507 2891 ἀλλὰ
534 2832 633 2893 δύο
658 2859 761 2925 μεν
780 2836 1105 2896 λευκολίνου
1126 2836 1483 2914 ὃασαμενοι’
1459 2863 1513 2900 ες
1529 2836 1804 2912 ἑκατέρην,
1821 2835 1949 2894 τέσ-

355 2937 495 2998 {repa
536 2921 597 2980 δὲ
638 2947 747 2982 των
791 2924 1107 3000 βυβλίνων·
1153 2924 1410 3035 παχύτης
1453 2927 1556 3000 μὲν
1593 2922 1632 3000 ἦ
1677 2920 1814 2996 αὕτη
1859 2922 1952 2981 καὶ

354 3008 623 3086 καλλονη,
651 3035 793 3069 κατα
830 3010 1005 3092 λόγον
1044 3010 1214 3087 δὲῆν
1234 3006 1652 3088 ἐμβριθέστερα
1675 3036 1747 3069 τα
1772 3010 1949 3069 λίνεα·

354 3101 452 3156 τοῦ
474 3097 753 3159 τάλαντον
778 3097 811 3158 ὁ
836 3102 1021 3178 πῆχυς
1047 3099 1216 3159 εἷλκε.
1300 3098 1488 3172 ἐπειδὴ
1527 3099 1586 3156 δὲ
1623 3095 1948 3178 ἐγεφυρώθη

349 3183 385 3243 5
409 3184 599 3264 πόρος,
623 3184 863 3266 κορμούς
888 3187 1068 3256 ξύλων
1094 3187 1534 3264 καταπρίσαντες
1562 3185 1654 3244 καὶ
1679 3182 1950 3260 ποιήσαν-

348 3267 440 3338 τες
473 3274 635 3339 ἴσους
667 3279 769 3350 τῆς
804 3275 1033 3353 σχεδίης
1074 3274 1152 3348 τῷ
1193 3274 1352 3351 εὔρεϊ,
1387 3271 1580 3344 κόσμῳ
1618 3272 1948 3352 ἐπετίθεσαν
