2259 3500
335 139 546 203 12-16]
938 138 1317 189 KAAAIOIIH.
1834 142 1931 193 287

331 218 568 300 ἀγγελίη
595 222 668 285 ὥς
691 219 854 284 ἅλέες
892 221 1088 296 εἴησαν
1124 222 1179 279 οἱ
1206 219 1489 295 Ἕλληνες
1518 223 1679 300 ἐντῷ
1698 220 1932 301 Ἰσθμῷ·

331 306 472 367 οὕτω
524 307 592 383 δὴ
646 308 829 368 ὀπίσω
884 307 1176 385 ἐπορεύετο
1225 307 1315 366 διοῖ
1359 306 1654 383 Δεκελέης·
1723 312 1777 367 οἱ
1820 308 1931 388 γσῖρ

328 395 678 475 βοιωτάρχαι
737 398 1165 473 μετεπέμψαντο
1224 395 1354 459 τούς
1406 395 1773 475 προσχώρους
1821 401 1932 457 τῶν

329 481 641 544 Ἀσωπίων·
683 482 838 545 οὗτοι
865 485 924 542 δὲ
949 482 1095 562 αὐτῷ
1119 483 1226 559 τήν
1251 482 1385 543 ὄδόν
1409 482 1642 564 ἤγέοντο
1671 488 1725 546 ἐς
1753 485 1931 559 Σφεν-

329 571 550 636 δαλέας·
609 574 858 633 ἐνθεῦτεν
900 571 960 630 δὲ
1004 576 1058 634 ἐς
1102 571 1413 650 Τανάγρην·
1471 576 1530 630 ἐν
1571 570 1829 651 Τανάγρῃ
1872 572 1934 631 δὲ

330 658 499 719 νύκτα
541 660 988 736 ἐναυλισάμενος,
1040 659 1132 717 καὶ
1172 658 1516 734 τραπόμενος
1556 662 1627 736 τῇ
1666 658 1931 738 ὖστεραίῃ

331 749 388 808 ἐς
420 747 664 816 Σκῶλον,
710 752 767 806 ἐν
807 751 882 827 γῇ
915 751 986 825 τῇ
1019 743 1353 822 Θηβαίων’
1316 770 1405 820 ην·
1448 746 1683 805 ἐνθαῦτα
1724 746 1784 806 δὲ
1821 752 1932 807 τῶν

331 834 596 909 Θηβαίων
624 836 818 911 καίπερ
844 833 1238 911 μηδιζόντων*ν
1209 858 1379 909 εκειρε
1403 858 1533 895 τσυς
1555 832 1784 911 χώρους,
1814 834 1931 894 οὔτι

333 947 474 981 κατα
527 923 690 1000 ἔχθος
743 921 934 992 αὐτῶν,
993 920 1124 979 ἀλλ’
1178 919 1271 980 υπ’
1324 919 1624 1001 αναγκαίης
1681 920 1933 1002 μεγαλης

334 1008 614 1088 ἐχόμενος.
694 1008 1046 1087 βουλόμενος
1086 1007 1259 1086 ἔρυμά
1297 1034 1361 1068 τε
1399 1012 1477 1088 τῷ
1515 1012 1736 1086 στρατῷ
1774 1008 1932 1085 ποιή-

334 1098 565 1171 σασθαι,
595 1098 686 1155 καὶ
710 1095 778 1173 ἢν
815 1094 1178 1173 συμβαλόντι
1204 1099 1258 1155 οἱ
1291 1096 1371 1173 μὴ
1406 1096 1639 1173 ἐκβαίνῃ
1668 1096 1852 1155 ὁκοῖόν
1876 1122 1932 1155 τι

334 1185 532 1256 ἐθέλοι,
588 1185 979 1267 κρησφύγετον
1031 1189 1198 1245 τοῦτο
1260 1185 1523 1244 ἐποιέετο.
1564 1260 1568 1264 ¹
1607 1188 1819 1260 παρῆκε
1873 1185 1933 1244 δὲ

333 1272 502 1333 αὐτοῦ
547 1273 613 1333 vd
667 1272 1045 1349 στρατόπεδον
1096 1270 1409 1348 ἀρξάμενον
1458 1270 1572 1331 α’,πὸ
1625 1270 1933 1349 Ἐρυθρέων

333 1361 484 1437 παρὰ
521 1360 736 1425 Ὑσιάς·
795 1362 1066 1420 κατέτεινε
1107 1359 1167 1417 δε
1208 1364 1263 1422 ἐς
1300 1384 1406 1434 την
1446 1360 1766 1419 Πλαταιΐδα
1804 1365 1930 1440 γῆν,

333 1448 485 1524 παραὶ
523 1449 622 1507 τὸν
659 1446 921 1507 Ἀσωπὸν
960 1445 1217 1521 ποταμὸν
1254 1447 1607 1526 τεταγμένον·
1651 1445 1715 1505 οὗ
1740 1448 1930 1522 μέντοι

333 1533 401 1594 τό
437 1559 505 1615 γε
541 1537 725 1612 τεῖχος
762 1538 1036 1595 τοσοῦτον
1079 1534 1341 1603 ἐποιέετο,
1383 1531 1513 1591 αλλ’
1556 1532 1627 1595 ὥς
1668 1534 1759 1591 ἐπὶ
1800 1533 1930 1592 δέκα

336 1622 592 1683 σταδίους
615 1621 870 1697 μάλιστά
898 1646 966 1697 κη
993 1622 1249 1698 μέτωπον
1277 1622 1527 1681 ἕκαστον.

414 1708 686 1788 Ἐχόντων
737 1710 797 1769 δὲ
849 1710 948 1769 τὸν
987 1708 1161 1769 πόνον
1199 1711 1398 1769 τοῦτον
1436 1711 1544 1768 τῶν
1597 1707 1926 1785 βαρβάρων,
1950 1710 2025 1769 16

333 1797 654 1877 Ἀτταγῖνος
693 1795 724 1856 ὁ
765 1795 1064 1873 Φρύνωνος,
1093 1795 1233 1873 οἱνήρ
1275 1797 1545 1872 Θηβαῖος,
1579 1821 1931 1872 παρασκευα·

335 1883 576 1961 σάμενος
611 1884 883 1966 μεγάλως,
912 1883 1104 1944 ἐκάλεε
1146 1884 1238 1942 ἐπὶ
1279 1885 1447 1954 ξείνια
1487 1881 1653 1942 αὐτόν
1678 1907 1739 1941 τε
1771 1889 1931 1960 Μαρ-

334 1972 514 2032 δόνιον
541 1972 632 2030 καὶ
657 1971 998 2048 πεντήκοντα
1034 1972 1303 2048 Περσέων
1336 1971 1464 2034 τούς
1497 1969 1931 2050 λογιμωτάτους·

333 2061 626 2135 κληθέντες
660 2061 718 2119 δὲ
750 2058 905 2120 οὗτοι
937 2061 1156 2121 ἕποντο·
1196 2059 1267 2135 ἦν
1303 2059 1362 2118 δὲ
1399 2057 1465 2118 τό
1504 2058 1723 2118 δεῖπνον
1747 2058 1931 2118 ποιεύ-

329 2172 497 2222 μενον
537 2154 595 2207 ἐν
631 2149 884 2226 Θήβῃσι.
966 2147 1038 2206 τοὶ
1071 2148 1130 2207 δὲ
1172 2147 1279 2224 ἤδη
1319 2146 1391 2206 τοὶ
1428 2148 1694 2206 ἐπίλοιπα
1728 2146 1935 2223 ἤκουον

331 2235 701 2311 Θερσάνδρου,
731 2233 928 2310 ἀνδρός
962 2237 1065 2310 μὲν
1102 2233 1487 2313 Ὀρχομενίου,
1526 2236 1767 2316 λογίμου
1792 2235 1851 2294 δὲ
1878 2241 1934 2298 ἐς

330 2320 402 2381 ταῖ
427 2323 618 2396 πρῶτα
647 2327 704 2380 ἐν
735 2318 1076 2399 Ὀρχομενῷ·
1120 2322 1230 2397 ἔφη
1266 2322 1325 2380 δὲ
1356 2321 1388 2381 ὁ
1422 2322 1772 2398 Θέρσανδρος
1800 2328 1933 2399 κλη-

331 2410 495 2484 θῆναι
523 2407 614 2466 καὶ
635 2407 800 2470 αὖτὸς
815 2407 926 2466 im?
946 2407 1275 2488 Ἀτταγίνου
1298 2409 1388 2468 ἐπὶ
1407 2409 1473 2468 τό
1501 2409 1719 2468 δεῖπνον
1743 2415 1928 2470 τοῦτο·

332 2495 606 2569 κληθῆναι
647 2496 707 2554 δὲ
751 2496 841 2553 καὶ
878 2495 1144 2570 Θηβαίων
1186 2495 1385 2574 ἄνδρας
1417 2495 1777 2570 πεντήκοντα·
1840 2499 1938 2556 καί

331 2589 526 2657 σφεων
543 2581 608 2640 οὖ
625 2582 791 2661 χωρὶς
812 2585 1098 2659 ἑκατέρους
1117 2587 1317 2654 κλῖναι,
1336 2584 1491 2643 ἀλλὰ
1511 2583 1743 2658 Πέρσην
1761 2609 1823 2642 τε
1841 2585 1932 2642 καὶ

331 2671 590 2743 Θηβαῖον
616 2675 672 2729 ἐν
701 2669 862 2748 κλίνῃ
889 2670 1112 2750 ἑκάστῃ·
1184 2669 1255 2735 ὥς
1280 2672 1339 2730 δὲ
1365 2670 1478 2730 σ’,πὸ
1516 2670 1739 2730 δείπνου
1763 2669 1929 2744 ἦσαν,

332 2753 703 2826 διαπινόντων,
745 2758 845 2818 τὸν
887 2759 1120 2835 Πέρσην
1170 2759 1270 2819 τὸν
1323 2758 1637 2836 ὁμόκλινον,
1679 2757 1933 2816 Ἑλλάδα

330 2845 607 2921 γλῶσσαν
674 2845 838 2914 ἱέντα,
896 2847 1144 2922 εἴρεσθαι
1204 2845 1373 2906 αὐτόν
1432 2843 1713 2908 ὁποδαπός
1772 2851 1928 2914 ἐστι;

331 2927 496 2993 αὐτὸς
537 2931 596 2990 δὲ
633 2931 1040 3007 ὑποκρίνασθαι
1079 2933 1151 2998 οἷς
1182 2936 1267 3010 εἴη
1301 2934 1685 3012 Ὀρχομένιος·
1737 2932 1837 2991 τόν
1872 2931 1933 2990 δὲ

333 3020 523 3076 εἰπεῖν·
553 3027 588 3052 “
607 3020 724 3077 ἐπεὶ
743 3023 843 3079 νῦν
867 3020 1244 3098 ὁμοτράπεζός
1262 3021 1327 3081 τέ
1350 3046 1447 3096 μοι
1470 3020 1561 3078 καὶ
1581 3018 1934 3095 ὁμόσπονδος

333 3105 537 3186 ἐγένεο,
564 3105 896 3184 μνημόσυνά
935 3133 1022 3167 τοι
1061 3109 1283 3188 γνώμης
1320 3111 1420 3182 τῆς
1461 3111 1596 3182 ἐμῆς
1638 3105 1933 3164 καταλιπέ-

333 3195 472 3254 σθαι
511 3193 675 3264 θέλω,
725 3194 816 3257 ἶνα
856 3196 949 3254 καὶ
988 3195 1256 3270 προειδώς
1296 3191 1459 3256 αὐτὸς
1511 3192 1637 3268 περὶ
1690 3195 1935 3252 σεωυτοῦ

330 3281 716 3358 βουλεύεσθαι
767 3283 898 3363 ἔχῃς
948 3280 1020 3340 τοὶ
1063 3281 1447 3358 συμφέροντα·
1526 3278 1661 3358 ὁρᾷς
1709 3278 1937 3344 τούτους
