2259 3500
335 120 429 171 136
930 116 1304 167 ἨΡΟΔΟἸῸΊἰ
1771 119 1926 184 [VII.

238 201 309 259 31
334 196 433 259 Ὡς
459 196 572 255 δὲ’
546 222 607 255 εκ
633 183 734 270 τῆς
759 196 1003 276 Φρυγίης
1043 197 1294 272 ἐσέβαλε
1335 200 1390 259 ἐς
1428 196 1532 272 τὴν
1553 196 1779 309 Λυδίην,
1807 225 1932 285 σχι-

334 285 565 361 ζομένης
588 287 687 359 τῆς
713 282 862 351 ὁδοῦ,
892 285 984 343 καὶ
1010 288 1111 358 τῆς
1136 286 1240 360 μὲν
1267 289 1322 346 ἐς
1348 283 1648 360 ἀριστερὴν
1685 286 1776 343 ἐπὶ
1816 293 1932 346 Κα-

330 374 451 451 ρίης
490 372 787 450 φερούσης,
825 375 925 445 τῆς
970 372 1029 430 δὲ
1068 375 1121 433 ἐς
1159 370 1342 447 δεξιὴν
1384 376 1438 433 ἐς
1475 372 1692 449 Σάρδις,
1733 377 1805 451 τῇ
1843 376 1934 445 καὶ

330 461 677 538 πορευομένῳ
706 460 969 535 διαβῆναι
988 485 1097 518 τον
1125 459 1451 536 Μαίανδρον
1477 486 1734 536 ποταμον
1774 466 1934 529 πᾶσα

332 547 545 629 ἀνάγκη
571 548 808 628 γίνεται,
839 548 931 605 καὶ
960 548 1096 607 ἱέναι
1128 545 1282 623 παρά
1311 547 1704 624 Καλλάτηβον
1745 548 1932 621 πόλιν,

331 640 389 695 ἐν
412 639 484 714 τῇ
517 635 707 713 ἄνδρες
733 634 1055 715 δημιοεργοὶ
1088 634 1226 711 μέλι
1267 639 1326 692 ἐκ
1362 636 1594 711 μυρίκης
1619 661 1681 694 τε
1709 636 1800 693 καὶ
1833 641 1934 695 πὐ-

328 727 432 802 ροῦ
472 728 709 792 ποιεῦσι,
752 722 958 798 ταύτην
1003 722 1097 781 ἰων
1141 749 1172 782 ο
1217 722 1430 799 Ξέρξης
1473 721 1602 797 τήν-
1620 722 1767 793 ὁδὸν,
1811 722 1936 801 εὗρε

328 811 727 880 πλατάνιστον,
754 810 857 886 τήν
886 808 1125 873 κάλλεος
1155 811 1332 893 εἵνεκα
1366 809 1759 887 δωρησάμενος
1801 812 1934 871 κόσ-

327 927 413 979 μῳ
438 900 659 979 χρυσέῳ
688 898 780 958 καὶ
806 898 1095 976 μελεδωνῷ
1120 897 1376 977 ἀθανάτῳ
1415 896 1572 975 ἀνδρὶ
1614 902 1932 981 ἐπιτρέψας,

234 990 309 1046 32
330 988 551 1065 δευτέρῃ
572 987 752 1065 ἡμέρῃ
773 985 1003 1045 ἀπίκετο
1032 991 1088 1048 ἐς
1104 989 1214 1045 τῶν
1233 986 1430 1045 Λυδῶν
1455 985 1520 1045 τό
1550 983 1717 1046 ἄστυ.
1775 986 1933 1047 Ἀπι-

330 1075 559 1152 κόμενος
584 1074 643 1132 δὲ
671 1072 969 1150 ἐς’Σάρδις,
996 1078 1190 1150 πρῶτα
1213 1075 1318 1149 μὲν
1359 1072 1654 1151 ἀπέπεμπε
1695 1074 1933 1151 κήρυκας

328 1168 384 1226 ἐς
423 1161 527 1237 τὴν
566 1160 836 1231 Ἑλλάδα,
886 1160 1218 1236 αἰτήσοντας
1265 1165 1374 1241 γῆν
1415 1186 1478 1220 τε
1521 1162 1612 1220 καὶ
1654 1161 1794 1239 ὕδωρ
1841 1164 1933 1223 καὶ

327 1250 691 1327 προερέοντας
732 1248 926 1307 δεῖπνα
972 1248 1215 1322 βασιλέϊ
1262 1250 1726 1325 παρασκευάζειν·
1776 1250 1934 1327 πλήν

330 1336 456 1397 οὔτε
485 1342 539 1399 ἐς
563 1334 807 1411 Ἀθήνας
832 1334 959 1394 οὔτε
994 1342 1046 1399 ἐς
1074 1336 1464 1414 Λακεδαίμονα
1505 1336 1800 1413 ἀπέπεμπε
1841 1340 1932 1398 ἐπὶ

327 1430 433 1505 γῆς
470 1426 707 1501 αἴτησιν,
735 1427 807 1502 τῇ
836 1424 895 1483 δὲ
922 1422 1074 1502 ἄλλῃ
1100 1424 1301 1501 πάντη·
1342 1425 1515 1485 τῶνδε
1548 1426 1609 1485 δὲ
1647 1427 1826 1486 εἵνεκα
1862 1428 1930 1487 τὰ

328 1512 578 1589 δεύτερον
620 1511 913 1589 ἀπέπεμπε
956 1514 1047 1571 ἐπὶ
1080 1516 1190 1593 γῆν
1213 1539 1278 1572 τε
1303 1514 1396 1571 καὶ
1421 1511 1582 1589 υδωρ·
1627 1512 1756 1573 ὅσοι
1795 1514 1932 1591 πρό·

325 1627 487 1678 τερον
520 1627 618 1660 ουκ
652 1601 853 1661 ἔδοσαν
883 1602 1100 1679 Δαρείῳ
1141 1602 1443 1679 πέμψαντι,
1471 1599 1699 1665 τούτους
1737 1601 1931 1683 πάγχυ

328 1689 510 1749 ἐδόκεε
534 1689 662 1749 τότε
689 1689 982 1752 δείσαντας
1022 1688 1240 1749 δώσειν·
1283 1688 1635 1766 βουλόμενος
1677 1687 1752 1748 ὧν
1793 1688 1928 1749 αὗτό

325 1784 490 1840 τοῦτο
551 1780 810 1855 ἐκμαθεῖν
862 1776 1123 1855 ἀκριβῶς,
1175 1778 1386 1854 ἔπεμπε
1400 1803 1413 1817 ·
1466 1777 1609 1855 μετά
1655 1777 1715 1837 δὲ
1752 1781 1929 1839 ταῦτα

324 1866 771 1944 παρεσκευάζετο
799 1864 870 1926 ὥς
898 1869 1038 1924 ἐλῶν
1068 1870 1121 1928 ἐς
1138 1864 1414 1941 Ἀβυδον.

232 1957 307 2014 33
409 1958 483 2014 Οἱ
508 1955 565 2014 δὲ
594 1960 652 2014 ἐν
678 1953 854 2031 τούτῳ
883 1952 983 2012 τόν
1010 1951 1450 2027 -Ἑλλήσποντον
1491 1953 1827 2034 ἐζεύγνυσαν
1867 1959 1928 2013 ἐκ

325 2048 425 2119 τῆς
462 2042 661 2118 Ἀσίης
703 2047 757 2104 ἐς
795 2039 899 2114 τήν
929 2039 1224 2117 Εὐρώπην.
1306 2040 1428 2099 ἔστι
1469 2040 1528 2098 δὲ
1568 2045 1668 2117 τῆς
1707 2049 1926 2118 Χερσο-

325 2130 502 2205 νήσου
544 2133 643 2206 τῆς
680 2134 737 2188 ἐν
765 2127 1192 2206 Ἑλλησπόντῳ,
1229 2129 1455 2203 Σηστοῦ
1491 2155 1554 2188 τε
1591 2128 1792 2192 πόλιος
1832 2155 1927 2206 με-

324 2218 463 2286 ταξύ
506 2217 597 2275 καὶ
624 2214 908 2288 Μαδύτου,
938 2214 1078 2290 ἀκτὴ
1104 2217 1316 2294 τραχέα
1345 2221 1399 2279 ἐς
1426 2215 1730 2275 θάλασσαν
1763 2217 1927 2293 κατή-

326 2330 505 2363 κουσα
546 2303 769 2383 Ἀβύδῳ
820 2303 1127 2363 καταντίον·
1177 2305 1307 2364 ἔνθα
1350 2303 1492 2380 μετὰΙ
1530 2307 1706 2364 ταῦτα
1745 2305 1926 2384 χρόνῳ

325 2392 561 2469 ὕστερον
599 2390 665 2450 οὗ
700 2395 915 2469 πολλῷ,
960 2391 1050 2450 ἐπὶ
1082 2392 1412 2454 Ξανθίππου
1452 2395 1553 2450 τοῦ
1591 2391 1926 2468 Ἀρίφρονος

325 2483 646 2560 στρατηγοῦ
690 2479 1012 2555 Ἀθηναίων,
1064 2478 1410 2557 Ἀρταΰκτην
1469 2479 1641 2556 ἄνδρα
1695 2480 1932 2557 Πέρσην

325 2567 605 2644 λαβόντες
621 2569 844 2644 Σηστοῦ
873 2567 1142 2646 ὕπαρχον,
1163 2567 1338 2638 ζῶντα
1363 2566 1503 2644 πρὸς
1525 2567 1728 2627 σανίδα
1746 2594 1925 2644 προσ-

324 2655 837 2716 διεπασσάλευσαν·
880 2655 941 2718 ὃς
969 2657 1060 2714 καὶ
1089 2660 1144 2717 ἐς
1167 2659 1268 2715 τοῦ
1294 2654 1670 2732 Πρωτεσίλεω
1701 2654 1768 2715 τὰ
1807 2656 1926 2732 ῖρόν

325 2743 380 2807 ἐς
403 2744 737 2804 Ἐλαιοῦντα
756 2742 1107 2825 ἀγινεόμενος
1121 2747 1400 2824 γυναῖκας,
1419 2741 1654 2819 ἀθέμιτα
1682 2743 1922 2821 ἔρδεσκε.

229 2832 418 2896 34Ἐς
452 2832 657 2908 ταύτην
704 2830 777 2892 ὦν
816 2831 920 2907 τήν
968 2830 1141 2906 ἀκτὴν
1188 2831 1249 2900 ἐξ
1291 2829 1540 2906 Ἀβύδου
1585 2829 1925 2908 ὄρμεῶμενοι

325 2920 631 3002 ἐγεφύρουν
681 2925 834 2980 τοῖσι
880 2921 1234 2996 προσεκέετο,
1284 2918 1388 2994 τήν
1439 2920 1543 2994 μὲν
1595 2918 1924 2977 λευκολίνου

326 3012 585 3081 Φοίνικες,
633 3009 736 3085 τὴν
790 3008 836 3068 δ’
883 3009 1071 3084 ἑτέρην
1124 3007 1228 3083 τὴν
1273 3007 1561 3083 βυβλίνην
1607 3005 1922 3086 Αἰγύπτιοι·

326 3099 447 3156 ἔστι
482 3099 601 3156 δὲ’
577 3098 715 3158 επτά
753 3096 973 3158 στάδιοι
1012 3095 1073 3166 ἐξ
1106 3095 1358 3172 Ἀβύδου
1403 3099 1457 3156 ἐς
1496 3093 1602 3169 τὴν
1637 3092 1923 3153 ἀπαντίον.

233 3185 307 3242 35
326 3187 443 3244 Καὶ
468 3186 535 3262 δη
564 3187 887 3268 ἐζευγμένου
926 3188 1027 3244 τοῦ
1068 3183 1265 3261 πόρου,
1294 3181 1678 3263 ἐπιγενόμενος
1716 3204 1926 3259 χειμων

325 3273 501 3352 μέγας
540 3273 816 3352 συνεκοψε
851 3299 916 3333 τε
954 3275 1137 3332 ἐκεῖνα
1166 3270 1350 3332 πάντα
1377 3269 1469 3328 καὶ
1495 3268 1740 3328 διελυσε·
1781 3266 1852 3328 ὥς
1877 3265 1925 3323 δ’
