<?xml version="1.0" encoding="UTF-8"?>
<!DOCTYPE html PUBLIC "-//W3C//DTD XHTML 1.0 Transitional//EN"
    "http://www.w3.org/TR/xhtml1/DTD/xhtml1-transitional.dtd">
<html xmlns="http://www.w3.org/1999/xhtml" xml:lang="en" lang="en">
 <head>
  <title>
</title>
<meta http-equiv="Content-Type" content="text/html;charset=utf-8" />
  <meta name='ocr-system' content='tesseract 3.04.00' />
  <meta name='ocr-capabilities' content='ocr_page ocr_carea ocr_par ocr_line ocrx_word'/>
</head>
<body>
  <div class='ocr_page' id='page_1' title='image "./herodotus18herogoog/herodotus18herogoog_0337.png"; bbox 0 0 2259 3500; ppageno 0'>
   <div class='ocr_carea' id='block_1_1' title="bbox 339 125 1942 290">
    <p class='ocr_par' dir='ltr' id='par_1_1' title="bbox 339 125 1942 290">
     <span class='ocr_line' id='line_1_1' title="bbox 340 125 1941 196; baseline -0.009 -10"><span class='ocrx_word' id='word_1_1' title='bbox 340 131 622 196; x_wconf 79' lang='lat'>101—104]</span> <span class='ocrx_word' id='word_1_2' title='bbox 950 125 1329 176; x_wconf 73' lang='grc' dir='ltr'>ΚΔΔΜΟΠΗ.</span> <span class='ocrx_word' id='word_1_3' title='bbox 1663 146 1688 168; x_wconf 81' lang='grc'><strong>.</strong></span> <span class='ocrx_word' id='word_1_4' title='bbox 1846 127 1941 174; x_wconf 78' lang='lat'>329</span> 
     </span>
     <span class='ocr_line' id='line_1_2' title="bbox 339 202 1942 290; baseline -0.007 -16"><span class='ocrx_word' id='word_1_5' title='bbox 339 215 594 274; x_wconf 75' lang='grc' dir='ltr'>ἔλασσον</span> <span class='ocrx_word' id='word_1_6' title='bbox 620 209 774 290; x_wconf 75' lang='grc' dir='ltr'>εἶχον</span> <span class='ocrx_word' id='word_1_7' title='bbox 796 210 872 287; x_wconf 79' lang='grc' dir='ltr'>τῇ</span> <span class='ocrx_word' id='word_1_8' title='bbox 902 206 1081 285; x_wconf 85' lang='grc' dir='ltr'>μάχῃ·</span> <span class='ocrx_word' id='word_1_9' title='bbox 1121 205 1243 264; x_wconf 81' lang='grc' dir='ltr'>ἐπεὶ</span> <span class='ocrx_word' id='word_1_10' title='bbox 1276 205 1336 264; x_wconf 73' lang='grc' dir='ltr'>δὲ</span> <span class='ocrx_word' id='word_1_11' title='bbox 1364 206 1477 264; x_wconf 90' lang='grc' dir='ltr'>τῶν</span> <span class='ocrx_word' id='word_1_12' title='bbox 1504 202 1813 280; x_wconf 86' lang='grc' dir='ltr'>Ἀθηναίων</span> <span class='ocrx_word' id='word_1_13' title='bbox 1848 202 1942 262; x_wconf 85' lang='grc' dir='ltr'>καὶ</span> 
     </span>
    </p>
   </div>
   <div class='ocr_carea' id='block_1_2' title="bbox 336 290 1945 554">
    <p class='ocr_par' dir='ltr' id='par_1_2' title="bbox 336 290 1945 554">
     <span class='ocr_line' id='line_1_3' title="bbox 336 290 1945 408; baseline -0.007 -46"><span class='ocrx_word' id='word_1_14' title='bbox 336 304 450 362; x_wconf 89' lang='grc' dir='ltr'>τῶν</span> <span class='ocrx_word' id='word_1_15' title='bbox 499 297 844 408; x_wconf 82' lang='grc' dir='ltr'>προσεχέων</span> <span class='ocrx_word' id='word_1_16' title='bbox 877 295 910 355; x_wconf 82' lang='grc' dir='ltr'>ὁ</span> <span class='ocrx_word' id='word_1_17' title='bbox 965 291 1227 371; x_wconf 81' lang='grc' dir='ltr'>στρατὸς,</span> <span class='ocrx_word' id='word_1_18' title='bbox 1272 290 1412 354; x_wconf 85' lang='grc' dir='ltr'>ὅκως</span> <span class='ocrx_word' id='word_1_19' title='bbox 1458 293 1669 350; x_wconf 86' lang='grc' dir='ltr'>ἐωυτῶν</span> <span class='ocrx_word' id='word_1_20' title='bbox 1717 290 1945 371; x_wconf 88' lang='grc' dir='ltr'>γένηται</span> 
     </span>
     <span class='ocr_line' id='line_1_4' title="bbox 337 378 1943 467; baseline -0.007 -19"><span class='ocrx_word' id='word_1_21' title='bbox 337 387 404 448; x_wconf 63' lang='lat' dir='ltr'>vd</span> <span class='ocrx_word' id='word_1_22' title='bbox 439 388 601 467; x_wconf 82' lang='grc' dir='ltr'>ἔργον</span> <span class='ocrx_word' id='word_1_23' title='bbox 632 386 726 444; x_wconf 82' lang='grc' dir='ltr'>καὶ</span> <span class='ocrx_word' id='word_1_24' title='bbox 763 384 844 462; x_wconf 76' lang='grc' dir='ltr'><em>μή</em></span> <span class='ocrx_word' id='word_1_25' title='bbox 878 381 1343 466; x_wconf 81' lang='grc' dir='ltr'>Λακεδαιμονίων,</span> <span class='ocrx_word' id='word_1_26' title='bbox 1375 378 1943 456; x_wconf 78' lang='grc' dir='ltr'>παρακελευσάμενοι,</span> 
     </span>
     <span class='ocr_line' id='line_1_5' title="bbox 341 464 1944 554; baseline -0.006 -19"><span class='ocrx_word' id='word_1_27' title='bbox 341 475 505 554; x_wconf 83' lang='grc' dir='ltr'>ἔργου</span> <span class='ocrx_word' id='word_1_28' title='bbox 533 474 750 552; x_wconf 79' lang='grc' dir='ltr'>εἴχοντο</span> <span class='ocrx_word' id='word_1_29' title='bbox 774 468 1209 548; x_wconf 89' lang='grc' dir='ltr'>προθυμότερον,</span> <span class='ocrx_word' id='word_1_30' title='bbox 1232 467 1481 527; x_wconf 77' lang='grc' dir='ltr'>ἐνθεῦτεν</span> <span class='ocrx_word' id='word_1_31' title='bbox 1506 464 1661 541; x_wconf 67' lang='grc' dir='ltr'>ἤδηε</span> <span class='ocrx_word' id='word_1_32' title='bbox 1636 470 1944 543; x_wconf 83' lang='grc' dir='ltr'>ετεροιοΰτο</span> 
     </span>
    </p>
   </div>
   <div class='ocr_carea' id='block_1_3' title="bbox 338 551 1946 724">
    <p class='ocr_par' dir='ltr' id='par_1_3' title="bbox 338 551 1946 724">
     <span class='ocr_line' id='line_1_6' title="bbox 338 551 1946 641; baseline -0.006 -19"><span class='ocrx_word' id='word_1_33' title='bbox 338 560 406 622; x_wconf 84' lang='grc' dir='ltr'><strong><em>τό</em></strong></span> <span class='ocrx_word' id='word_1_34' title='bbox 445 564 701 641; x_wconf 83' lang='grc' dir='ltr'>πρῆγμα·</span> <span class='ocrx_word' id='word_1_35' title='bbox 743 557 1078 634; x_wconf 77' lang='grc' dir='ltr'>διωσάμενοι</span> <span class='ocrx_word' id='word_1_36' title='bbox 1101 555 1213 636; x_wconf 70' lang='grc' dir='ltr'>γὰρ</span> <span class='ocrx_word' id='word_1_37' title='bbox 1249 553 1323 614; x_wconf 81' lang='grc' dir='ltr'>τοὶ</span> <span class='ocrx_word' id='word_1_38' title='bbox 1356 555 1531 634; x_wconf 82' lang='grc' dir='ltr'>γέρρα</span> <span class='ocrx_word' id='word_1_39' title='bbox 1568 551 1737 624; x_wconf 80' lang='grc' dir='ltr'>οὗτοι,</span> <span class='ocrx_word' id='word_1_40' title='bbox 1779 553 1946 630; x_wconf 87' lang='grc' dir='ltr'>φερό-</span> 
     </span>
     <span class='ocr_line' id='line_1_7' title="bbox 338 640 1943 724; baseline -0.005 -16"><span class='ocrx_word' id='word_1_41' title='bbox 338 673 498 724; x_wconf 88' lang='grc' dir='ltr'>μενοι</span> <span class='ocrx_word' id='word_1_42' title='bbox 531 648 808 708; x_wconf 80' lang='grc' dir='ltr'>ἐσέπεσον</span> <span class='ocrx_word' id='word_1_43' title='bbox 847 644 1009 708; x_wconf 81' lang='grc' dir='ltr'>άλέες</span> <span class='ocrx_word' id='word_1_44' title='bbox 1049 649 1105 706; x_wconf 92' lang='grc' dir='ltr'>ἐς</span> <span class='ocrx_word' id='word_1_45' title='bbox 1144 641 1273 706; x_wconf 70' lang='grc' dir='ltr'>τούς</span> <span class='ocrx_word' id='word_1_46' title='bbox 1314 642 1661 718; x_wconf 83' lang='grc' dir='ltr'>Πέρσας·οἶ</span> <span class='ocrx_word' id='word_1_47' title='bbox 1691 641 1752 700; x_wconf 83' lang='grc' dir='ltr'>δὲ</span> <span class='ocrx_word' id='word_1_48' title='bbox 1791 640 1943 711; x_wconf 76' lang='grc' dir='ltr'>δεξά-</span> 
     </span>
    </p>
   </div>
   <div class='ocr_carea' id='block_1_4' title="bbox 339 728 2039 3349">
    <p class='ocr_par' dir='ltr' id='par_1_4' title="bbox 339 728 2039 3349">
     <span class='ocr_line' id='line_1_8' title="bbox 339 728 1946 814; baseline -0.004 -19"><span class='ocrx_word' id='word_1_49' title='bbox 339 761 514 812; x_wconf 91' lang='grc' dir='ltr'>μενοι,</span> <span class='ocrx_word' id='word_1_50' title='bbox 545 736 637 794; x_wconf 82' lang='grc' dir='ltr'>καὶ</span> <span class='ocrx_word' id='word_1_51' title='bbox 662 734 868 814; x_wconf 90' lang='grc' dir='ltr'>χρόνον</span> <span class='ocrx_word' id='word_1_52' title='bbox 893 757 1103 811; x_wconf 87' lang='grc' dir='ltr'>συχνον</span> <span class='ocrx_word' id='word_1_53' title='bbox 1134 728 1487 808; x_wconf 84' lang='grc' dir='ltr'>άμυνόμενσι,</span> <span class='ocrx_word' id='word_1_54' title='bbox 1513 729 1677 792; x_wconf 85' lang='grc' dir='ltr'>τέλος</span> <span class='ocrx_word' id='word_1_55' title='bbox 1709 730 1946 811; x_wconf 79' lang='grc' dir='ltr'>ἔφευγον</span> 
     </span>
     <span class='ocr_line' id='line_1_9' title="bbox 342 817 1943 900; baseline -0.004 -18"><span class='ocrx_word' id='word_1_56' title='bbox 342 827 400 885; x_wconf 88' lang='grc' dir='ltr'>ἐς</span> <span class='ocrx_word' id='word_1_57' title='bbox 423 822 492 884; x_wconf 75' lang='grc' dir='ltr'><em>τό</em></span> <span class='ocrx_word' id='word_1_58' title='bbox 515 827 722 900; x_wconf 86' lang='grc' dir='ltr'>τεῖχος·</span> <span class='ocrx_word' id='word_1_59' title='bbox 761 821 1052 897; x_wconf 83' lang='grc' dir='ltr'>Ἀθηναῖοι</span> <span class='ocrx_word' id='word_1_60' title='bbox 1081 819 1143 880; x_wconf 80' lang='grc' dir='ltr'>δὲ</span> <span class='ocrx_word' id='word_1_61' title='bbox 1178 819 1271 878; x_wconf 82' lang='grc' dir='ltr'>καὶ</span> <span class='ocrx_word' id='word_1_62' title='bbox 1308 818 1597 894; x_wconf 89' lang='grc' dir='ltr'>Κορίνθιοι</span> <span class='ocrx_word' id='word_1_63' title='bbox 1623 818 1715 876; x_wconf 88' lang='grc' dir='ltr'>καὶ</span> <span class='ocrx_word' id='word_1_64' title='bbox 1742 817 1943 881; x_wconf 74' lang='grc' dir='ltr'>Σικυώ-</span> 
     </span>
     <span class='ocr_line' id='line_1_10' title="bbox 342 905 1944 989; baseline -0.004 -19"><span class='ocrx_word' id='word_1_65' title='bbox 342 935 452 970; x_wconf 90' lang='grc' dir='ltr'>νιοι</span> <span class='ocrx_word' id='word_1_66' title='bbox 487 911 580 968; x_wconf 80' lang='grc' dir='ltr'>καὶ</span> <span class='ocrx_word' id='word_1_67' title='bbox 617 908 946 988; x_wconf 85' lang='grc' dir='ltr'>Τροιζήνιοι,</span> <span class='ocrx_word' id='word_1_68' title='bbox 985 907 1153 989; x_wconf 75' lang='grc' dir='ltr'>(οὕτω</span> <span class='ocrx_word' id='word_1_69' title='bbox 1186 906 1298 988; x_wconf 83' lang='grc' dir='ltr'>γοὶρ</span> <span class='ocrx_word' id='word_1_70' title='bbox 1328 905 1479 982; x_wconf 79' lang='grc' dir='ltr'>ἦσαν</span> <span class='ocrx_word' id='word_1_71' title='bbox 1514 905 1712 981; x_wconf 73' lang='grc' dir='ltr'>ἐπεξῆς</span> <span class='ocrx_word' id='word_1_72' title='bbox 1751 931 1944 986; x_wconf 86' lang='grc' dir='ltr'>τεταγ-</span> 
     </span>
     <span class='ocr_line' id='line_1_11' title="bbox 341 992 1945 1077; baseline -0.001 -20"><span class='ocrx_word' id='word_1_73' title='bbox 341 998 540 1077; x_wconf 60' lang='grc' dir='ltr'>μένοα)</span> <span class='ocrx_word' id='word_1_74' title='bbox 584 996 1060 1073; x_wconf 76' lang='grc' dir='ltr'>συνεπισπόμενοι</span> <span class='ocrx_word' id='word_1_75' title='bbox 1099 993 1513 1055; x_wconf 80' lang='grc' dir='ltr'>συνεσέπιπτον</span> <span class='ocrx_word' id='word_1_76' title='bbox 1554 998 1611 1058; x_wconf 81' lang='grc' dir='ltr'>ἐς</span> <span class='ocrx_word' id='word_1_77' title='bbox 1638 992 1707 1053; x_wconf 67' lang='lat' dir='ltr'>vd</span> <span class='ocrx_word' id='word_1_78' title='bbox 1741 997 1945 1072; x_wconf 81' lang='grc' dir='ltr'>τεῖχος·</span> 
     </span>
     <span class='ocr_line' id='line_1_12' title="bbox 343 1080 1947 1192; baseline -0.001 -48"><span class='ocrx_word' id='word_1_79' title='bbox 343 1110 417 1147; x_wconf 87' lang='grc' dir='ltr'>ως</span> <span class='ocrx_word' id='word_1_80' title='bbox 457 1085 518 1144; x_wconf 79' lang='grc' dir='ltr'>δὲ</span> <span class='ocrx_word' id='word_1_81' title='bbox 558 1085 649 1144; x_wconf 77' lang='grc' dir='ltr'>καὶ</span> <span class='ocrx_word' id='word_1_82' title='bbox 687 1085 756 1145; x_wconf 82' lang='grc' dir='ltr'><em>τό</em></span> <span class='ocrx_word' id='word_1_83' title='bbox 795 1087 982 1162; x_wconf 85' lang='grc' dir='ltr'>τεῖχος</span> <span class='ocrx_word' id='word_1_84' title='bbox 1017 1083 1305 1192; x_wconf 70' lang='grc' dir='ltr'>ἀραίρητο,</span> <span class='ocrx_word' id='word_1_85' title='bbox 1340 1080 1451 1141; x_wconf 73' lang='grc' dir='ltr'>οὔτ’</span> <span class='ocrx_word' id='word_1_86' title='bbox 1480 1082 1559 1141; x_wconf 79' lang='grc' dir='ltr'>ἔτι</span> <span class='ocrx_word' id='word_1_87' title='bbox 1594 1080 1737 1160; x_wconf 71' lang='grc' dir='ltr'>πρός</span> <span class='ocrx_word' id='word_1_88' title='bbox 1764 1080 1947 1157; x_wconf 80' lang='grc' dir='ltr'>άλκην</span> 
     </span>
     <span class='ocr_line' id='line_1_13' title="bbox 345 1168 1948 1250; baseline -0.003 -18"><span class='ocrx_word' id='word_1_89' title='bbox 345 1170 650 1249; x_wconf 73' lang='grc' dir='ltr'>ἐτράποντο</span> <span class='ocrx_word' id='word_1_90' title='bbox 689 1199 746 1232; x_wconf 92' lang='grc' dir='ltr'>οι</span> <span class='ocrx_word' id='word_1_91' title='bbox 783 1171 1077 1249; x_wconf 86' lang='grc' dir='ltr'>βάρβαροι</span> <span class='ocrx_word' id='word_1_92' title='bbox 1115 1171 1257 1247; x_wconf 84' lang='grc' dir='ltr'>πρός</span> <span class='ocrx_word' id='word_1_93' title='bbox 1298 1168 1485 1250; x_wconf 84' lang='grc' dir='ltr'>φυγήν</span> <span class='ocrx_word' id='word_1_94' title='bbox 1518 1195 1583 1229; x_wconf 89' lang='grc' dir='ltr'>τε</span> <span class='ocrx_word' id='word_1_95' title='bbox 1620 1169 1861 1246; x_wconf 84' lang='grc' dir='ltr'>ὁρμέατο</span> <span class='ocrx_word' id='word_1_96' title='bbox 1892 1171 1948 1228; x_wconf 77' lang='grc' dir='ltr'>οἱ</span> 
     </span>
     <span class='ocr_line' id='line_1_14' title="bbox 343 1256 1946 1338; baseline -0.002 -18"><span class='ocrx_word' id='word_1_97' title='bbox 343 1257 514 1320; x_wconf 77' lang='grc' dir='ltr'>ἄλλοι</span> <span class='ocrx_word' id='word_1_98' title='bbox 553 1260 708 1336; x_wconf 74' lang='grc' dir='ltr'>πλὴν</span> <span class='ocrx_word' id='word_1_99' title='bbox 748 1258 1033 1336; x_wconf 89' lang='grc' dir='ltr'>Περσέων·</span> <span class='ocrx_word' id='word_1_100' title='bbox 1075 1256 1231 1318; x_wconf 80' lang='grc' dir='ltr'>οὗτοι</span> <span class='ocrx_word' id='word_1_101' title='bbox 1270 1257 1331 1317; x_wconf 78' lang='grc' dir='ltr'>δὲ</span> <span class='ocrx_word' id='word_1_102' title='bbox 1378 1256 1495 1317; x_wconf 77' lang='grc' dir='ltr'>κατ’</span> <span class='ocrx_word' id='word_1_103' title='bbox 1536 1257 1763 1338; x_wconf 76' lang='grc' dir='ltr'>ὀλίγους</span> <span class='ocrx_word' id='word_1_104' title='bbox 1799 1256 1946 1337; x_wconf 80' lang='grc' dir='ltr'>γινό-</span> 
     </span>
     <span class='ocr_line' id='line_1_15' title="bbox 343 1344 1947 1427; baseline -0.003 -19"><span class='ocrx_word' id='word_1_105' title='bbox 343 1374 516 1423; x_wconf 85' lang='grc' dir='ltr'>μενοι,</span> <span class='ocrx_word' id='word_1_106' title='bbox 546 1347 824 1427; x_wconf 86' lang='grc' dir='ltr'>ἐμάχοντο</span> <span class='ocrx_word' id='word_1_107' title='bbox 855 1349 1008 1406; x_wconf 84' lang='grc' dir='ltr'>τοῖσι</span> <span class='ocrx_word' id='word_1_108' title='bbox 1039 1346 1147 1404; x_wconf 77' lang='grc' dir='ltr'>αἰεὶ</span> <span class='ocrx_word' id='word_1_109' title='bbox 1187 1350 1243 1408; x_wconf 86' lang='grc' dir='ltr'>ἐς</span> <span class='ocrx_word' id='word_1_110' title='bbox 1279 1344 1347 1404; x_wconf 64' lang='lat' dir='ltr'>vd</span> <span class='ocrx_word' id='word_1_111' title='bbox 1385 1348 1573 1423; x_wconf 81' lang='grc' dir='ltr'>τεῖχος</span> <span class='ocrx_word' id='word_1_112' title='bbox 1605 1345 1947 1404; x_wconf 59' lang='grc' dir='ltr'>ἐσπίπτουσι</span> 
     </span>
     <span class='ocr_line' id='line_1_16' title="bbox 342 1430 1947 1511; baseline -0.002 -17"><span class='ocrx_word' id='word_1_113' title='bbox 342 1434 651 1509; x_wconf 82' lang='grc' dir='ltr'>Ἑλλήνων.</span> <span class='ocrx_word' id='word_1_114' title='bbox 734 1435 826 1493; x_wconf 86' lang='grc' dir='ltr'>καὶ</span> <span class='ocrx_word' id='word_1_115' title='bbox 859 1437 970 1493; x_wconf 90' lang='grc' dir='ltr'>τῶν</span> <span class='ocrx_word' id='word_1_116' title='bbox 1005 1435 1338 1511; x_wconf 78' lang='grc' dir='ltr'>στρατηγῶν</span> <span class='ocrx_word' id='word_1_117' title='bbox 1371 1434 1481 1491; x_wconf 91' lang='grc' dir='ltr'>τῶν</span> <span class='ocrx_word' id='word_1_118' title='bbox 1518 1435 1815 1508; x_wconf 75' lang='grc' dir='ltr'>Περσικῶν</span> <span class='ocrx_word' id='word_1_119' title='bbox 1846 1430 1947 1490; x_wconf 81' lang='grc' dir='ltr'>δύο</span> 
     </span>
     <span class='ocr_line' id='line_1_17' title="bbox 344 1515 1949 1602; baseline -0.002 -21"><span class='ocrx_word' id='word_1_120' title='bbox 344 1524 448 1598; x_wconf 82' lang='grc' dir='ltr'>μὲν</span> <span class='ocrx_word' id='word_1_121' title='bbox 473 1520 878 1602; x_wconf 73' lang='grc' dir='ltr'>ἀποφεύγουσι,</span> <span class='ocrx_word' id='word_1_122' title='bbox 907 1520 1006 1580; x_wconf 75' lang='grc' dir='ltr'>δύο</span> <span class='ocrx_word' id='word_1_123' title='bbox 1032 1519 1092 1578; x_wconf 78' lang='grc' dir='ltr'>δὲ</span> <span class='ocrx_word' id='word_1_124' title='bbox 1116 1521 1440 1578; x_wconf 70' lang='grc' dir='ltr'>τελευτῶσι·</span> <span class='ocrx_word' id='word_1_125' title='bbox 1480 1515 1817 1595; x_wconf 76' lang='grc' dir='ltr'>Ἀρταΰντης</span> <span class='ocrx_word' id='word_1_126' title='bbox 1840 1521 1949 1594; x_wconf 78' lang='grc' dir='ltr'>μὲν</span> 
     </span>
     <span class='ocr_line' id='line_1_18' title="bbox 347 1604 1945 1686; baseline -0.001 -20"><span class='ocrx_word' id='word_1_127' title='bbox 347 1609 438 1668; x_wconf 82' lang='grc' dir='ltr'>καὶ</span> <span class='ocrx_word' id='word_1_128' title='bbox 461 1606 794 1686; x_wconf 83' lang='grc' dir='ltr'>Ἰθαμίτρης,</span> <span class='ocrx_word' id='word_1_129' title='bbox 814 1612 915 1668; x_wconf 80' lang='grc' dir='ltr'>τοῦ</span> <span class='ocrx_word' id='word_1_130' title='bbox 941 1609 1199 1668; x_wconf 84' lang='grc' dir='ltr'>ναυτικοῦ</span> <span class='ocrx_word' id='word_1_131' title='bbox 1226 1605 1677 1685; x_wconf 84' lang='grc' dir='ltr'>στρατηγέοντες,</span> <span class='ocrx_word' id='word_1_132' title='bbox 1698 1604 1945 1680; x_wconf 77' lang='grc' dir='ltr'>α’ποφεύ-</span> 
     </span>
     <span class='ocr_line' id='line_1_19' title="bbox 343 1692 1943 1777; baseline 0 -21"><span class='ocrx_word' id='word_1_133' title='bbox 343 1721 532 1777; x_wconf 90' lang='grc' dir='ltr'>γουσι·</span> <span class='ocrx_word' id='word_1_134' title='bbox 613 1695 946 1773; x_wconf 86' lang='grc' dir='ltr'>Μαρδόντης</span> <span class='ocrx_word' id='word_1_135' title='bbox 985 1695 1045 1755; x_wconf 82' lang='grc' dir='ltr'>δὲ</span> <span class='ocrx_word' id='word_1_136' title='bbox 1081 1695 1175 1755; x_wconf 82' lang='grc' dir='ltr'>καὶ</span> <span class='ocrx_word' id='word_1_137' title='bbox 1212 1692 1245 1755; x_wconf 80' lang='grc' dir='ltr'>ὁ</span> <span class='ocrx_word' id='word_1_138' title='bbox 1285 1697 1386 1755; x_wconf 82' lang='grc' dir='ltr'>τοῦ</span> <span class='ocrx_word' id='word_1_139' title='bbox 1424 1693 1593 1764; x_wconf 82' lang='grc' dir='ltr'>πεζοῦ</span> <span class='ocrx_word' id='word_1_140' title='bbox 1625 1692 1943 1775; x_wconf 75' lang='grc' dir='ltr'>στρατηγὸς</span> 
     </span>
     <span class='ocr_line' id='line_1_20' title="bbox 346 1780 2039 1865; baseline -0.001 -22"><span class='ocrx_word' id='word_1_141' title='bbox 346 1784 617 1865; x_wconf 79' lang='grc' dir='ltr'>Τιγράνης</span> <span class='ocrx_word' id='word_1_142' title='bbox 634 1784 946 1863; x_wconf 89' lang='grc' dir='ltr'>μαχόμενοι</span> <span class='ocrx_word' id='word_1_143' title='bbox 963 1786 1283 1845; x_wconf 78' lang='grc' dir='ltr'>τελευτῶσι.</span> <span class='ocrx_word' id='word_1_144' title='bbox 1344 1780 1473 1841; x_wconf 84' lang='grc' dir='ltr'>Ἔτι</span> <span class='ocrx_word' id='word_1_145' title='bbox 1493 1781 1554 1840; x_wconf 77' lang='grc' dir='ltr'>δὲ</span> <span class='ocrx_word' id='word_1_146' title='bbox 1570 1781 1903 1861; x_wconf 85' lang='grc' dir='ltr'>μαχομένων</span> <span class='ocrx_word' id='word_1_147' title='bbox 1924 1784 2039 1843; x_wconf 87' lang='grc'>103</span> 
     </span>
     <span class='ocr_line' id='line_1_21' title="bbox 345 1867 1944 1949; baseline -0.002 -17"><span class='ocrx_word' id='word_1_148' title='bbox 345 1876 454 1933; x_wconf 90' lang='grc' dir='ltr'>τῶν</span> <span class='ocrx_word' id='word_1_149' title='bbox 507 1872 772 1949; x_wconf 88' lang='grc' dir='ltr'>Περσέων</span> <span class='ocrx_word' id='word_1_150' title='bbox 825 1870 1090 1932; x_wconf 77' lang='grc' dir='ltr'>ἀπίκοντο</span> <span class='ocrx_word' id='word_1_151' title='bbox 1129 1867 1561 1946; x_wconf 86' lang='grc' dir='ltr'>Λακεδαιμόνιοι</span> <span class='ocrx_word' id='word_1_152' title='bbox 1599 1869 1691 1928; x_wconf 84' lang='grc' dir='ltr'>καὶ</span> <span class='ocrx_word' id='word_1_153' title='bbox 1731 1871 1787 1929; x_wconf 78' lang='grc' dir='ltr'>οἱ</span> <span class='ocrx_word' id='word_1_154' title='bbox 1822 1868 1944 1945; x_wconf 78' lang='grc' dir='ltr'>μετ’</span> 
     </span>
     <span class='ocr_line' id='line_1_22' title="bbox 345 1956 1943 2037; baseline -0.003 -18"><span class='ocrx_word' id='word_1_155' title='bbox 345 1957 540 2030; x_wconf 73' lang='grc' dir='ltr'>αὐτῶν,</span> <span class='ocrx_word' id='word_1_156' title='bbox 569 1960 662 2018; x_wconf 85' lang='grc' dir='ltr'>καὶ</span> <span class='ocrx_word' id='word_1_157' title='bbox 685 1959 756 2018; x_wconf 72' lang='grc' dir='ltr'><strong>τοῖ</strong></span> <span class='ocrx_word' id='word_1_158' title='bbox 786 1959 966 2018; x_wconf 68' lang='grc' dir='ltr'>λοιπὰ</span> <span class='ocrx_word' id='word_1_159' title='bbox 1001 1958 1445 2037; x_wconf 83' lang='grc' dir='ltr'>συνδιεχείριζον.</span> <span class='ocrx_word' id='word_1_160' title='bbox 1532 1956 1735 2017; x_wconf 80' lang='grc' dir='ltr'>ἔπεσον</span> <span class='ocrx_word' id='word_1_161' title='bbox 1765 1956 1825 2015; x_wconf 81' lang='grc' dir='ltr'>δὲ</span> <span class='ocrx_word' id='word_1_162' title='bbox 1850 1956 1943 2016; x_wconf 77' lang='grc' dir='ltr'>καὶ</span> 
     </span>
     <span class='ocr_line' id='line_1_23' title="bbox 343 2044 1945 2125; baseline -0.002 -19"><span class='ocrx_word' id='word_1_163' title='bbox 343 2045 524 2107; x_wconf 73' lang='grc' dir='ltr'>αὐτῶν</span> <span class='ocrx_word' id='word_1_164' title='bbox 551 2051 663 2108; x_wconf 91' lang='grc' dir='ltr'>τῶν</span> <span class='ocrx_word' id='word_1_165' title='bbox 695 2046 986 2122; x_wconf 85' lang='grc' dir='ltr'>Ἑλλήνων</span> <span class='ocrx_word' id='word_1_166' title='bbox 1026 2046 1229 2125; x_wconf 83' lang='grc' dir='ltr'>συχνοὶ</span> <span class='ocrx_word' id='word_1_167' title='bbox 1260 2045 1505 2105; x_wconf 83' lang='grc' dir='ltr'>ἐνθαῦτα</span> <span class='ocrx_word' id='word_1_168' title='bbox 1542 2044 1713 2103; x_wconf 73' lang='grc' dir='ltr'>ἄλλοι</span> <span class='ocrx_word' id='word_1_169' title='bbox 1750 2069 1813 2103; x_wconf 86' lang='grc' dir='ltr'>τε</span> <span class='ocrx_word' id='word_1_170' title='bbox 1851 2044 1945 2104; x_wconf 82' lang='grc' dir='ltr'>καὶ</span> 
     </span>
     <span class='ocr_line' id='line_1_24' title="bbox 347 2132 1946 2214; baseline -0.001 -21"><span class='ocrx_word' id='word_1_171' title='bbox 347 2134 650 2205; x_wconf 70' lang='grc' dir='ltr'>Σικυώνιοι,</span> <span class='ocrx_word' id='word_1_172' title='bbox 679 2136 771 2194; x_wconf 81' lang='grc' dir='ltr'>καὶ</span> <span class='ocrx_word' id='word_1_173' title='bbox 797 2134 1115 2214; x_wconf 73' lang='grc' dir='ltr'>στρατηγός</span> <span class='ocrx_word' id='word_1_174' title='bbox 1135 2134 1436 2209; x_wconf 64' lang='grc' dir='ltr'>Περιλεως.</span> <span class='ocrx_word' id='word_1_175' title='bbox 1501 2135 1611 2191; x_wconf 90' lang='grc' dir='ltr'>τῶν</span> <span class='ocrx_word' id='word_1_176' title='bbox 1635 2132 1695 2191; x_wconf 82' lang='grc' dir='ltr'>δὲ</span> <span class='ocrx_word' id='word_1_177' title='bbox 1720 2132 1946 2209; x_wconf 80' lang='grc' dir='ltr'>Σαμίων</span> 
     </span>
     <span class='ocr_line' id='line_1_25' title="bbox 345 2219 1943 2299; baseline 0 -20"><span class='ocrx_word' id='word_1_178' title='bbox 345 2246 398 2279; x_wconf 94' lang='grc' dir='ltr'>οι</span> <span class='ocrx_word' id='word_1_179' title='bbox 439 2219 888 2298; x_wconf 84' lang='grc' dir='ltr'>στρατευόμενοι,</span> <span class='ocrx_word' id='word_1_180' title='bbox 930 2220 1110 2283; x_wconf 88' lang='grc' dir='ltr'>ἐόντες</span> <span class='ocrx_word' id='word_1_181' title='bbox 1150 2246 1212 2280; x_wconf 89' lang='grc' dir='ltr'>τε</span> <span class='ocrx_word' id='word_1_182' title='bbox 1252 2224 1311 2279; x_wconf 90' lang='grc' dir='ltr'>ἐν</span> <span class='ocrx_word' id='word_1_183' title='bbox 1349 2222 1427 2297; x_wconf 75' lang='grc' dir='ltr'>τῷ</span> <span class='ocrx_word' id='word_1_184' title='bbox 1465 2220 1825 2299; x_wconf 76' lang='grc' dir='ltr'>στρατοπέδῳ</span> <span class='ocrx_word' id='word_1_185' title='bbox 1862 2222 1943 2299; x_wconf 70' lang='grc' dir='ltr'>τῷ</span> 
     </span>
     <span class='ocr_line' id='line_1_26' title="bbox 345 2305 1945 2385; baseline 0.002 -21"><span class='ocrx_word' id='word_1_186' title='bbox 345 2306 578 2385; x_wconf 87' lang='grc' dir='ltr'>Μηδικῶ</span> <span class='ocrx_word' id='word_1_187' title='bbox 603 2306 698 2365; x_wconf 82' lang='grc' dir='ltr'>καὶ</span> <span class='ocrx_word' id='word_1_188' title='bbox 721 2306 1165 2383; x_wconf 73' lang='grc' dir='ltr'>ἀπαραιρημένοι</span> <span class='ocrx_word' id='word_1_189' title='bbox 1189 2332 1261 2364; x_wconf 90' lang='grc' dir='ltr'>τα</span> <span class='ocrx_word' id='word_1_190' title='bbox 1286 2305 1520 2376; x_wconf 69' lang='grc' dir='ltr'>ὅπλα,“</span> <span class='ocrx_word' id='word_1_191' title='bbox 1479 2334 1549 2370; x_wconf 89' lang='grc' dir='ltr'>ως</span> <span class='ocrx_word' id='word_1_192' title='bbox 1576 2307 1724 2368; x_wconf 84' lang='grc' dir='ltr'>εἶδον</span> <span class='ocrx_word' id='word_1_193' title='bbox 1749 2307 1945 2368; x_wconf 77' lang='grc' dir='ltr'>αὐτίκα</span> 
     </span>
     <span class='ocr_line' id='line_1_27' title="bbox 345 2391 1948 2474; baseline 0.002 -23"><span class='ocrx_word' id='word_1_194' title='bbox 345 2391 464 2452; x_wconf 90' lang='grc' dir='ltr'>κατ’</span> <span class='ocrx_word' id='word_1_195' title='bbox 503 2419 683 2471; x_wconf 88' lang='grc' dir='ltr'>αρχας</span> <span class='ocrx_word' id='word_1_196' title='bbox 719 2393 1018 2474; x_wconf 89' lang='grc' dir='ltr'>γινομένην</span> <span class='ocrx_word' id='word_1_197' title='bbox 1059 2393 1357 2469; x_wconf 75' lang='grc' dir='ltr'>ἑτεραλκέα</span> <span class='ocrx_word' id='word_1_198' title='bbox 1396 2392 1501 2469; x_wconf 81' lang='grc' dir='ltr'>τήν</span> <span class='ocrx_word' id='word_1_199' title='bbox 1538 2394 1747 2473; x_wconf 80' lang='grc' dir='ltr'>μάχην,</span> <span class='ocrx_word' id='word_1_200' title='bbox 1786 2396 1948 2473; x_wconf 79' lang='grc' dir='ltr'>ἔρδον</span> 
     </span>
     <span class='ocr_line' id='line_1_28' title="bbox 343 2478 1944 2556; baseline 0.001 -17"><span class='ocrx_word' id='word_1_201' title='bbox 343 2478 485 2540; x_wconf 79' lang='grc' dir='ltr'>ὅσον</span> <span class='ocrx_word' id='word_1_202' title='bbox 522 2478 806 2555; x_wconf 80' lang='grc' dir='ltr'>ἠδυνέατο,</span> <span class='ocrx_word' id='word_1_203' title='bbox 835 2480 1260 2556; x_wconf 84' lang='grc' dir='ltr'>προσωφελέειν</span> <span class='ocrx_word' id='word_1_204' title='bbox 1300 2481 1583 2543; x_wconf 85' lang='grc' dir='ltr'>ἐθέλοντες</span> <span class='ocrx_word' id='word_1_205' title='bbox 1623 2484 1778 2541; x_wconf 84' lang='grc' dir='ltr'>τοῖσι</span> <span class='ocrx_word' id='word_1_206' title='bbox 1805 2481 1944 2541; x_wconf 86' lang='grc' dir='ltr'>Ελ-</span> 
     </span>
     <span class='ocr_line' id='line_1_29' title="bbox 343 2566 1944 2646; baseline 0.004 -21"><span class='ocrx_word' id='word_1_207' title='bbox 343 2570 502 2644; x_wconf 85' lang='grc' dir='ltr'>λησι·</span> <span class='ocrx_word' id='word_1_208' title='bbox 545 2567 790 2646; x_wconf 78' lang='grc' dir='ltr'>Σαμίους</span> <span class='ocrx_word' id='word_1_209' title='bbox 825 2568 885 2627; x_wconf 81' lang='grc' dir='ltr'>δὲ</span> <span class='ocrx_word' id='word_1_210' title='bbox 920 2566 1125 2631; x_wconf 80' lang='grc' dir='ltr'>ἰδόντες</span> <span class='ocrx_word' id='word_1_211' title='bbox 1164 2570 1219 2627; x_wconf 77' lang='grc' dir='ltr'>οἱ</span> <span class='ocrx_word' id='word_1_212' title='bbox 1248 2566 1421 2627; x_wconf 76' lang='grc' dir='ltr'>ἄλλοι</span> <span class='ocrx_word' id='word_1_213' title='bbox 1444 2566 1631 2631; x_wconf 85' lang='grc' dir='ltr'>Ἴωνες</span> <span class='ocrx_word' id='word_1_214' title='bbox 1657 2566 1944 2644; x_wconf 72' lang='grc' dir='ltr'>ἄρξαντας,</span> 
     </span>
     <span class='ocr_line' id='line_1_30' title="bbox 344 2653 1943 2732; baseline 0.001 -19"><span class='ocrx_word' id='word_1_215' title='bbox 344 2654 486 2714; x_wconf 80' lang='grc' dir='ltr'>οὕτω</span> <span class='ocrx_word' id='word_1_216' title='bbox 506 2654 573 2730; x_wconf 75' lang='grc' dir='ltr'>δὴ</span> <span class='ocrx_word' id='word_1_217' title='bbox 597 2656 689 2713; x_wconf 82' lang='grc' dir='ltr'>καὶ</span> <span class='ocrx_word' id='word_1_218' title='bbox 710 2654 870 2715; x_wconf 72' lang='grc' dir='ltr'>αὐτοὶ</span> <span class='ocrx_word' id='word_1_219' title='bbox 887 2653 1237 2719; x_wconf 70' lang='grc' dir='ltr'>ἀποστάντες</span> <span class='ocrx_word' id='word_1_220' title='bbox 1260 2654 1374 2716; x_wconf 81' lang='grc' dir='ltr'>άπό</span> <span class='ocrx_word' id='word_1_221' title='bbox 1396 2655 1663 2732; x_wconf 87' lang='grc' dir='ltr'>Περσέων</span> <span class='ocrx_word' id='word_1_222' title='bbox 1684 2654 1943 2715; x_wconf 86' lang='grc' dir='ltr'>ἐπέθεντο</span> 
     </span>
     <span class='ocr_line' id='line_1_31' title="bbox 341 2742 2037 2820; baseline 0.002 -19"><span class='ocrx_word' id='word_1_223' title='bbox 341 2745 497 2801; x_wconf 82' lang='grc' dir='ltr'>τοῖσι</span> <span class='ocrx_word' id='word_1_224' title='bbox 539 2742 915 2820; x_wconf 85' lang='grc' dir='ltr'>βαρβάροισι.</span> <span class='ocrx_word' id='word_1_225' title='bbox 997 2743 1346 2819; x_wconf 85' lang='grc' dir='ltr'>Μιλησίοισι</span> <span class='ocrx_word' id='word_1_226' title='bbox 1389 2743 1448 2802; x_wconf 84' lang='grc' dir='ltr'>δὲ</span> <span class='ocrx_word' id='word_1_227' title='bbox 1488 2743 1903 2820; x_wconf 86' lang='grc' dir='ltr'>προσετέτακτο</span> <span class='ocrx_word' id='word_1_228' title='bbox 1924 2744 2037 2805; x_wconf 79' lang='lat'>104</span> 
     </span>
     <span class='ocr_line' id='line_1_32' title="bbox 341 2829 1945 2909; baseline 0.001 -18"><span class='ocrx_word' id='word_1_229' title='bbox 341 2831 446 2905; x_wconf 82' lang='grc' dir='ltr'>μὲν</span> <span class='ocrx_word' id='word_1_230' title='bbox 500 2835 611 2891; x_wconf 91' lang='grc' dir='ltr'>τῶν</span> <span class='ocrx_word' id='word_1_231' title='bbox 665 2833 934 2909; x_wconf 87' lang='grc' dir='ltr'>Περσέων</span> <span class='ocrx_word' id='word_1_232' title='bbox 984 2829 1086 2893; x_wconf 82' lang='grc' dir='ltr'>τοὶς</span> <span class='ocrx_word' id='word_1_233' title='bbox 1138 2830 1351 2894; x_wconf 86' lang='grc' dir='ltr'>διόδους</span> <span class='ocrx_word' id='word_1_234' title='bbox 1412 2834 1615 2908; x_wconf 82' lang='grc' dir='ltr'>τηρεῖν,</span> <span class='ocrx_word' id='word_1_235' title='bbox 1669 2830 1945 2906; x_wconf 83' lang='grc' dir='ltr'>σωτηρίης</span> 
     </span>
     <span class='ocr_line' id='line_1_33' title="bbox 343 2916 1945 2997; baseline 0.002 -24"><span class='ocrx_word' id='word_1_236' title='bbox 343 2917 523 2979; x_wconf 77' lang='grc' dir='ltr'>εἵνεκά</span> <span class='ocrx_word' id='word_1_237' title='bbox 549 2925 682 2994; x_wconf 87' lang='grc' dir='ltr'>σφι·</span> <span class='ocrx_word' id='word_1_238' title='bbox 727 2917 813 2989; x_wconf 80' lang='grc' dir='ltr'>ὥς,</span> <span class='ocrx_word' id='word_1_239' title='bbox 841 2918 910 2995; x_wconf 85' lang='grc' dir='ltr'>ἢν</span> <span class='ocrx_word' id='word_1_240' title='bbox 933 2917 1044 2997; x_wconf 75' lang='grc' dir='ltr'>ἄρα</span> <span class='ocrx_word' id='word_1_241' title='bbox 1069 2920 1258 2995; x_wconf 83' lang='grc' dir='ltr'>σφέας</span> <span class='ocrx_word' id='word_1_242' title='bbox 1281 2916 1695 2996; x_wconf 77' lang='grc' dir='ltr'>καταλαμβάνῃ</span> <span class='ocrx_word' id='word_1_243' title='bbox 1724 2916 1815 2977; x_wconf 81' lang='grc' dir='ltr'>οἶά</span> <span class='ocrx_word' id='word_1_244' title='bbox 1838 2942 1945 2994; x_wconf 89' lang='grc' dir='ltr'>περ</span> 
     </span>
     <span class='ocr_line' id='line_1_34' title="bbox 343 3004 1947 3087; baseline 0.001 -25"><span class='ocrx_word' id='word_1_245' title='bbox 343 3005 642 3082; x_wconf 86' lang='grc' dir='ltr'>κατέλαβε,</span> <span class='ocrx_word' id='word_1_246' title='bbox 686 3007 905 3086; x_wconf 78' lang='grc' dir='ltr'>ἔχοντες</span> <span class='ocrx_word' id='word_1_247' title='bbox 937 3006 1217 3087; x_wconf 77' lang='grc' dir='ltr'>ἡγεμόνας</span> <span class='ocrx_word' id='word_1_248' title='bbox 1248 3006 1531 3076; x_wconf 80' lang='grc' dir='ltr'>σώζωνται</span> <span class='ocrx_word' id='word_1_249' title='bbox 1561 3008 1617 3068; x_wconf 90' lang='grc' dir='ltr'>ἐς</span> <span class='ocrx_word' id='word_1_250' title='bbox 1648 3004 1748 3068; x_wconf 70' lang='grc' dir='ltr'>τὰς</span> <span class='ocrx_word' id='word_1_251' title='bbox 1788 3031 1947 3082; x_wconf 89' lang='grc' dir='ltr'>κορυ-</span> 
     </span>
     <span class='ocr_line' id='line_1_35' title="bbox 343 3090 1941 3173; baseline -0.003 -17"><span class='ocrx_word' id='word_1_252' title='bbox 343 3091 457 3167; x_wconf 66' lang='grc' dir='ltr'>φσῖς</span> <span class='ocrx_word' id='word_1_253' title='bbox 481 3098 582 3170; x_wconf 86' lang='grc' dir='ltr'>τῆς</span> <span class='ocrx_word' id='word_1_254' title='bbox 607 3093 900 3170; x_wconf 77' lang='grc' dir='ltr'>Μυκάλης·</span> <span class='ocrx_word' id='word_1_255' title='bbox 943 3093 1266 3173; x_wconf 86' lang='grc' dir='ltr'>ἐτάχθησαν</span> <span class='ocrx_word' id='word_1_256' title='bbox 1290 3091 1395 3169; x_wconf 86' lang='grc' dir='ltr'>μέν</span> <span class='ocrx_word' id='word_1_257' title='bbox 1421 3117 1517 3152; x_wconf 90' lang='grc' dir='ltr'>νυν</span> <span class='ocrx_word' id='word_1_258' title='bbox 1554 3092 1647 3152; x_wconf 82' lang='grc' dir='ltr'>ἐπὶ</span> <span class='ocrx_word' id='word_1_259' title='bbox 1676 3095 1843 3153; x_wconf 77' lang='grc' dir='ltr'>τοῦτο</span> <span class='ocrx_word' id='word_1_260' title='bbox 1872 3090 1941 3152; x_wconf 79' lang='grc' dir='ltr'>τὸ</span> 
     </span>
     <span class='ocr_line' id='line_1_36' title="bbox 340 3178 1943 3263; baseline 0 -24"><span class='ocrx_word' id='word_1_261' title='bbox 340 3184 578 3263; x_wconf 71' lang='grc' dir='ltr'>πρῆγμα</span> <span class='ocrx_word' id='word_1_262' title='bbox 607 3184 664 3241; x_wconf 80' lang='grc' dir='ltr'>οἱ</span> <span class='ocrx_word' id='word_1_263' title='bbox 703 3179 1003 3257; x_wconf 83' lang='grc' dir='ltr'>Μιλήσιοι,</span> <span class='ocrx_word' id='word_1_264' title='bbox 1031 3180 1231 3241; x_wconf 79' lang='grc' dir='ltr'>τούτου</span> <span class='ocrx_word' id='word_1_265' title='bbox 1267 3206 1332 3239; x_wconf 89' lang='grc' dir='ltr'>τε</span> <span class='ocrx_word' id='word_1_266' title='bbox 1370 3180 1573 3239; x_wconf 79' lang='grc' dir='ltr'>εἵνεκεν</span> <span class='ocrx_word' id='word_1_267' title='bbox 1606 3179 1699 3239; x_wconf 81' lang='grc' dir='ltr'>καὶ</span> <span class='ocrx_word' id='word_1_268' title='bbox 1740 3181 1828 3240; x_wconf 84' lang='grc' dir='ltr'>ἵνα</span> <span class='ocrx_word' id='word_1_269' title='bbox 1860 3178 1943 3257; x_wconf 77' lang='grc' dir='ltr'>μὴ</span> 
     </span>
     <span class='ocr_line' id='line_1_37' title="bbox 341 3266 1943 3349; baseline -0.002 -19"><span class='ocrx_word' id='word_1_270' title='bbox 341 3268 640 3348; x_wconf 78' lang='grc' dir='ltr'>παρεόντες</span> <span class='ocrx_word' id='word_1_271' title='bbox 663 3274 722 3331; x_wconf 88' lang='grc' dir='ltr'>ἐν</span> <span class='ocrx_word' id='word_1_272' title='bbox 746 3273 824 3349; x_wconf 74' lang='grc' dir='ltr'>τῷ</span> <span class='ocrx_word' id='word_1_273' title='bbox 847 3268 1209 3347; x_wconf 81' lang='grc' dir='ltr'>στρατοπέδῳ</span> <span class='ocrx_word' id='word_1_274' title='bbox 1238 3292 1293 3327; x_wconf 87' lang='grc' dir='ltr'>τι</span> <span class='ocrx_word' id='word_1_275' title='bbox 1325 3266 1565 3345; x_wconf 71' lang='grc' dir='ltr'>νεοχμόν</span> <span class='ocrx_word' id='word_1_276' title='bbox 1588 3268 1845 3329; x_wconf 89' lang='grc' dir='ltr'>ποιέοιεν·</span> <span class='ocrx_word' id='word_1_277' title='bbox 1886 3270 1943 3327; x_wconf 84' lang='grc' dir='ltr'>οἱ</span> 
     </span>
    </p>
   </div>
  </div>
 </body>
</html>
