2259 3500
375 132 594 197 62—65]
1089 135 1315 185 num.
1914 137 1977 184 aa

373 217 560 285 τοῦτο,
609 212 642 272 ὅ
681 239 738 272 τι
778 213 846 289 δή
887 211 974 289 ἦν,
1016 212 1084 274 τό
1131 215 1318 276 εἵλετο
1362 218 1475 276 τῶν
1518 215 1819 292 κειμηλίων
1862 218 1975 276 τῶν

372 301 714 378 Ἀρίστωνος
751 300 808 382 [ὅ
832 300 1120 384 Ἀγητος],
1169 304 1261 362 καὶ
1296 303 1461 367 auh-ds·
1498 301 1605 379 τήν
1644 303 1845 380 ὁμοίην
1884 305 1975 379 ζη-

372 391 512 449 τέων
553 389 828 466 φέρεσθαι
858 389 989 466 παρ’
1017 391 1241 461 ε’κείνου,
1270 392 1507 452 ἐνθαῦτα
1534 390 1601 466 δή
1629 395 1729 452 τοῦ
1756 393 1975 468 ἑταίρου

373 477 482 554 τήν
504 481 738 558 γυναῖκα
765 481 1022 554 ἐπειρᾶτο
1061 477 1401 560 απάγεσθαι·
1442 478 1475 540 ὁ
1502 479 1562 539 δὲ
1586 478 1739 555 πλην
1774 477 1973 540 τούτου

371 564 584 642 μούνου
608 565 680 625 τοὶ
707 565 861 676 (Ξλλα
889 567 998 641 ἔφη
1025 567 1365 627 καταινέσαι·
1406 565 1847 648 ἀναγκαζόμενος
1870 567 1975 644 μέν

373 679 463 713 τοι
498 657 576 732 τῷ
611 679 674 713 τε
710 652 854 732 ὅρκω
894 653 986 712 καὶ
1015 657 1118 730 τῆς
1150 654 1367 731 ἀπάτης
1388 658 1463 733 τῇ
1488 659 1795 736 παραγωγῇ
1822 653 1974 714 ἀπίει

375 740 718 821 ἀπάγεσθαι.
803 741 964 800 Οὕτω
1010 743 1114 819 μὲν
1161 742 1229 818 δη
1273 741 1379 818 τήν
1422 743 1613 819 τρίτην
1660 742 1971 822 ἐσηγάγετο
1990 744 2067 801 63

374 832 612 908 γυναῖκα
649 827 679 887 6
719 828 1012 906 Ἀρίστων,
1049 830 1155 905 τὴν
1181 830 1438 907 δευτέρην
1479 829 1969 907 ἀποπεμψάμενος·

377 918 436 974 ἐν
473 915 535 974 δέ
571 918 624 974 οἳ
658 916 842 996 χρόνῳ
876 916 1169 987 ἐλάσσονι,
1203 917 1295 975 καὶ
1338 915 1403 976 οὗ
1444 915 1805 993 πληρώσασα
1842 913 1973 978 τοῦς

376 1002 508 1062 δέκα
533 1008 712 1081 μῆνας
737 1003 774 1080 ἦ
799 1005 940 1086 γυνὴ
969 1003 1123 1080 αὕτη,
1146 1005 1319 1064 τίκτει
1343 1007 1541 1064 τσΰτον
1567 1003 1635 1079 δὴ
1660 1003 1759 1063 τὸν
1778 1001 1975 1080 Δημά-

373 1117 562 1167 ρητον·
607 1094 704 1152 καί
740 1118 824 1156 τις
866 1096 920 1152 οἱ
959 1096 1070 1153 τῶν
1107 1092 1357 1152 οἰκετέων
1391 1096 1451 1152 ἑν
1490 1091 1647 1171 θώκῳ
1684 1093 1969 1170 κατημένῳ

373 1180 515 1253 μετὰ
539 1184 650 1240 τῶν
676 1180 894 1258 ἐφόρων
915 1181 1247 1261 ἐξαγγέλλει
1274 1179 1343 1242 ὥς
1371 1182 1423 1238 οἱ
1449 1182 1581 1243 παῖς
1595 1180 1811 1261 γέγονε·
1852 1177 1885 1238 6
1911 1179 1971 1238 δὲ

378 1267 744 1345 ἐπιστάμενός
768 1295 831 1328 τε
856 1268 954 1328 τὸν
978 1267 1185 1347 χρόνον
1215 1271 1293 1346 τῷ
1320 1265 1563 1348 ἠγάγετο
1598 1267 1701 1343 τὴν
1734 1269 1970 1348 γυναῖκα

353 1367 364 1378 ·
378 1355 466 1412 καὶ
495 1355 584 1414 ἐπὶ
612 1356 896 1416 δακτύλων
931 1355 1411 1432 συμβαλλόμενος
1448 1381 1579 1428 τους
1616 1359 1811 1434 μῆνας,
1851 1355 1971 1414 εἰπε

377 1441 688 1518 απομόσας,
725 1455 760 1480 “
779 1471 882 1502 ουκ
919 1471 986 1504 αν
1027 1443 1161 1521 ε’μος
1186 1443 1303 1520 εἴη)
1399 1448 1567 1504 τοῦτο
1592 1442 1841 1519 ἥκουσαν
1864 1468 1969 1520 μεν

379 1531 432 1586 οἱ
470 1531 681 1607 ἔφοροι·
709 1536 946 1612 πρῆγμα
971 1533 1162 1610 μέντοι
1188 1531 1397 1592 ουδὲν’
1371 1531 1710 1606 εποιήσαντο
1736 1557 1803 1590 το
1828 1557 1971 1608 παρ-

379 1617 591 1677 αυτίκα.
691 1618 724 1677 6
767 1619 826 1677 δὲ
867 1624 998 1684 παῖς
1037 1619 1253 1696 ηυξετο,
1303 1620 1395 1678 καὶ
1445 1623 1523 1698 τῷ
1562 1619 1857 1696 Ἀρίστωνι
1898 1618 1965 1678 τό

380 1705 664 1783 εἰρημένον
702 1707 992 1785 μετέμελε·
1033 1708 1207 1769 παῖδα
1248 1733 1358 1789 γαρ
1399 1732 1497 1767 τον
1534 1705 1874 1783 Δημάρητον
1916 1710 1971 1769 ἐς

376 1819 448 1853 τα
470 1794 730 1870 μάλιστά
761 1798 816 1855 οἱ
853 1796 1078 1874 ἐνόμισε
1114 1796 1267 1857 εἶναι.
1355 1794 1693 1872 Δημάρητον
1730 1794 1789 1853 δε
1824 1786 1973 1869 αὐτῷ

377 1881 584 1960 οὕνομα
619 1885 772 1944 ἔθετο
815 1883 906 1943 δια
946 1885 1092 1945 τόδε·
1134 1883 1406 1962 πρότερον
1446 1908 1655 1943 τουτων
1695 1881 1971 1957 πανδημεὶ

378 1971 722 2048 Σπαρτιῆται
740 1971 1052 2050 Ἀρίστωνι,
1073 1972 1145 2035 ὥς
1164 1972 1321 2049 ἀνδρὶ
1343 1970 1713 2049 εὐδοκιμέοντι
1726 1969 1815 2029 διὰ
1833 1968 1969 2029 πάν-

373 2085 480 2119 των
506 2059 572 2136 δὴ
600 2064 710 2121 τῶν
737 2060 1030 2137 βασιλέων
1054 2064 1165 2121 τῶν
1198 2066 1257 2120 ἐν
1287 2062 1359 2139 τῇ
1387 2059 1619 2137 Σπάρτῃ
1642 2061 1965 2139 γενομένων,

375 2146 514 2223 οἷρήν
553 2149 892 2224 ἐποιήσαντο
923 2149 1096 2207 παῖδα
1129 2149 1412 2229 γενέσθαι·
1455 2146 1545 2205 Sui
1585 2151 1751 2207 τοῦτο
1782 2147 1885 2223 μέν
1914 2150 1967 2205 οἱ

372 2234 436 2293 τι)
467 2236 678 2314 οὔνομα
705 2237 1041 2314 Δημάρητος
1068 2237 1247 2311 ἐτέθη.
1330 2235 1551 2312 Χρόνου
1575 2235 1635 2293 δὲ
1660 2233 1965 2312 προϊόντος,
1986 2236 2061 2292 64

373 2320 648 2397 Ἀρίστων
673 2326 776 2399 μὲν
801 2324 1044 2384 ἀπέθανε
1062 2323 1401 2401 Δημάρητος
1427 2323 1487 2381 δὲ
1514 2324 1648 2401 ἔσχε
1666 2322 1769 2398 τήν
1795 2325 1965 2398 βασι-

375 2410 556 2484 ληΐην.
603 2411 717 2470 ἔδεε
753 2412 828 2481 δὲ,
863 2410 934 2487 οἷς
970 2413 1125 2482 ἔοικε,
1155 2411 1449 2471 ἀνάπυστα
1485 2410 1755 2491 γενόμενα
1790 2412 1966 2469 ταῦτα

375 2503 730 2558 καταπαῦσαι
747 2498 1086 2578 Δημάρητον
1109 2504 1211 2575 τῆς
1234 2500 1561 2577 βασιληΐης,
1578 2498 1669 2557 διὰ
1693 2498 1765 2558 τὰ
1785 2502 1967 2557 Κλεο-

372 2584 525 2660 μένεϊ
559 2587 838 2665 διεβλήθη
874 2587 1132 2669 μεγάλως
1164 2587 1435 2665 πρότερόν
1470 2613 1531 2647 τε
1573 2586 1603 2647 0‘
1634 2586 1967 2663 Δημάρητος

373 2670 676 2756 ἀπαγαγών
717 2676 820 2753 τήν
856 2674 1128 2754 στρατιήν
1170 2676 1233 2745 ἐξ
1262 2674 1603 2745 Ἐλευσῖνος,
1634 2676 1725 2733 καὶ
1762 2674 1829 2748 δὴ
1874 2673 1967 2731 καὶ

369 2758 498 2820 τότε
554 2763 637 2822 ἐπ’
691 2766 1027 2845 Αἰγινητέων
1087 2764 1216 2827 τούς
1269 2764 1611 2840 μηδίσαντας
1663 2759 1962 2838 διαβάντος

373 2853 738 2927 Κλεομένεος.
819 2852 1120 2930 Ὀρμηθεὶς
1157 2850 1231 2911 ὧν
1266 2848 1737 2921 άποτίννυσθαιβ
1785 2852 1961 2906 Κλεο-
1983 2849 2057 2905 65
2100 2878 2107 2888 ·

369 2938 552 3014 μένης,
585 2942 900 3001 συντίθεται
921 2940 1231 3020 Λευτυχίδῃ
1257 2944 1333 3018 τῷ
1350 2938 1637 3015 Μενάρεος
1655 2940 1756 2997 τοῦ
1766 2935 1979 3015 Ἀγιος,

371 3024 514 3085 ἐόντι
545 3030 716 3106 οἰκίης
739 3036 840 3105 τῆς
865 3029 1032 3105 αὐτῆς
1063 3027 1396 3106 Δημαρήτῳ,
1421 3025 1503 3085 ἐπ’
1531 3024 1573 3103 ᾧ
1598 3051 1675 3095 τε,
1702 3023 1772 3099 ἢν
1798 3021 1964 3081 αὐτὸν

369 3116 701 3198 καταστήσῃ
731 3119 986 3195 βασιλέα
1022 3116 1145 3177 α’ντί
1178 3114 1535 3192 Δημαρήτου,
1567 3114 1761 3190 ἕψεταί
1788 3114 1841 3169 οἱ
1880 3109 1963 3168 ἐπ’

365 3207 685 3289 Αἰγινήτας.
768 3206 800 3266 6
838 3206 897 3264 δὲ
930 3204 1270 3285 Λευτυχίδης
1308 3201 1379 3276 ἦν
1424 3199 1621 3277 ε’χθρός
1660 3203 1736 3277 τῷ
1770 3205 1963 3273 Δημα-

361 3297 512 3378 ρήτῳ
547 3296 807 3375 μάλιστα
841 3320 1084 3377 γεγονως
1119 3290 1212 3351 δια
1244 3298 1481 3369 πρῆγμα
1520 3286 1753 3347 τοιόνδε·
1795 3285 1963 3363 άρμο-
