2259 3500
346 122 434 169 134
949 119 1319 169 ἭΡοΔοΤοί·
1767 119 1937 185 svn„

337 199 579 275 Θρηίκης
613 198 850 279 οἷγίνεον,
881 199 936 256 οἱ
969 196 1028 256 δὲ
1062 202 1118 261 ἐς
1144 196 1446 274 Τυρόδιζαν
1483 198 1589 275 τήν
1621 201 1940 277 Περινθίων,

338 290 392 345 οἶ
418 286 478 345 δὲ
506 290 561 348 ἐς
589 286 888 362 Δορίσκον,
918 287 971 344 οἱ
998 284 1057 343 δὲ
1085 290 1139 347 ἐς
1163 284 1364 345 Ἠϊόνα
1396 285 1500 361 τὴν
1528 287 1618 346 ἐπὶ
1647 289 1940 365 Στρυμόνι,

337 378 391 434 οἱ
434 375 493 433 δὲ
530 380 585 437 ἐς
622 374 973 450 Μακεδονίην
1006 373 1441 454 διατεταγμένοι.

242 464 319 521 26
420 462 516 522 Ἐν
542 466 619 541 τῷ
646 462 705 521 δὲ
732 459 885 521 οὗτοι
910 461 1011 522 τόν
1036 462 1400 538 προκείμενον
1424 460 1600 521 πόνον
1627 463 1939 544 ἐργάζοντο,

337 555 396 610 ἐν
428 550 603 629 τούτῳ
647 548 679 610 ὅ
722 548 887 620 πεζὸς
928 548 1076 613 ἅπας
1112 550 1566 630 συλλελεγμένος
1607 548 1724 626 ἅμα
1759 552 1942 631 Ξέρξῃ

338 639 631 717 ἐπορεύετο
681 643 737 701 ἐς
781 636 999 715 Σάρδις,
1044 642 1103 696 ἐκ
1150 636 1489 714 Κριτάλλων
1530 636 1790 714 ὁρμηθεὶς
1832 645 1942 699 τῶν

339 733 399 787 ἐν
442 726 841 804 Καππαδοκίῃ·
893 727 1129 787 ἐνθαῦτα
1170 726 1280 807 γοὶρ
1325 727 1509 803 εἴρητο
1554 726 1940 807 συλλέγεσθαι

335 815 517 877 πάντα
557 842 657 875 τον
698 813 815 874 κατ’
842 813 1075 891 ἤπειρον
1099 816 1388 891 μέλλοντα
1427 812 1546 891 ἅμα
1588 812 1734 891 αυτῷ
1759 816 1940 895 Ξέρξη

334 903 674 982 πορεύεσθαι
733 902 995 979 στρατόν.
1081 919 1146 957 ος
1199 902 1302 978 μέν
1355 926 1451 961 νυν
1509 905 1620 961 τῶν
1669 902 1941 1013 ὖπάρχων

336 992 584 1068 στρατὸν
628 991 913 1051 κάλλιστα
958 989 1308 1067 ἐσταλμένον
1348 987 1574 1071 οἷγαγῶν
1614 988 1685 1049 τοὶ
1723 992 1940 1067 προκεί-

334 1106 476 1157 μενα
513 1106 668 1158 παρα
699 1079 979 1156 βασιλέος
1015 1080 1194 1155 ἔλαβε
1234 1078 1397 1155 δῶρα,
1429 1077 1529 1137 οὖκ
1562 1079 1670 1157 ἔχω
1697 1078 1938 1156 φράσαι·

336 1166 462 1226 οὐδὲ
486 1166 597 1249 γὰρ
624 1166 805 1245 ἀρχὴν
833 1171 887 1229 ἐς
912 1167 1097 1243 κρίσιν
1122 1165 1323 1225 τούτου
1349 1165 1476 1242 πέρι
1503 1164 1768 1228 ἐλθόντας
1795 1166 1936 1233 οἶδα·

337 1259 391 1314 οἱ
417 1254 477 1313 δὲ
506 1256 631 1313 ἐπεί
655 1280 718 1313 τε
759 1252 1053 1330 διαβάντες
1092 1252 1194 1313 τᾶν
1218 1252 1403 1313 Ἀλυν
1438 1252 1694 1330 ποταμόν
1731 1253 1936 1331 ὥμίλη-

338 1368 451 1403 σαν
489 1347 562 1421 τῇ
593 1344 822 1424 Φρυγίῃ,
858 1341 924 1401 δι’
952 1340 1123 1418 αὐτῆς
1165 1340 1528 1419 πορευόμενοι
1568 1344 1939 1424 παρεγένοντο

337 1438 390 1495 ἐς
419 1431 718 1495 Κελαινάς·
748 1432 835 1491 ἴνα
863 1430 1041 1537 πηγαὶ
1066 1429 1391 1490 ἀναδιδοῦσι
1417 1429 1743 1508 Μαιάνδρου
1769 1456 1939 1491 ποτα-

333 1524 460 1597 μοΰ,
508 1519 600 1578 καὶ
647 1520 835 1596 ἑτέρου
882 1518 979 1578 οὐκ
1029 1518 1346 1583 ἐλάσσονος
1391 1516 1429 1596 ἢ
1476 1518 1818 1595 Μαιάνδρου,
1863 1523 1940 1598 τῷ

336 1607 548 1685 οὕνομα
586 1608 849 1689 τυγχάνει
891 1608 982 1668 ε’ὀν
978 1607 1432 1708 Καταρρήκτης,
1459 1634 1522 1670 ος
1548 1607 1612 1676 ἐξ
1636 1605 1806 1683 αὐτῆς
1838 1612 1940 1684 τῆς

335 1694 545 1778 α’γορῆς
569 1700 705 1777 τῆς
696 1682 1013 1757 Κελαινέων
1040 1694 1433 1766 οἷνατέλλων,’
1407 1722 1463 1760 ες
1486 1694 1587 1756 τόν
1614 1695 1940 1774 Μαίανδρον

337 1785 557 1845 ἐκδιδοῖ·
600 1790 659 1845 ἐν
685 1790 756 1864 τῇ
784 1786 876 1844 καὶ
902 1785 934 1845 ὅ
960 1789 1062 1844 τοῦ
1091 1786 1335 1859 Σιληνοῦ
1362 1783 1644 1860 Μαρσύεω
1672 1783 1848 1847 αἶσκος
1881 1789 1939 1844 ἐν

336 1877 407 1952 τῇ
448 1873 587 1934 πόλι
630 1873 1021 1951 ἀνακρέμαται,
1053 1872 1155 1933 τόν
1190 1870 1300 1931 ὑπὸ
1343 1875 1576 1952 Φρυγῶν
1615 1871 1788 1953 λόγος
1826 1873 1939 1950 ἔχει

241 1965 277 2020 2
284 1965 317 2022 7
333 1960 442 2023 15πό
487 1961 851 2022 Ἀπόλλωνος
896 1959 1194 2036 ἐκδαρέντα
1245 1958 1753 2036 ἀνακρεμασθῆναι.
1840 1959 1939 2020 Ἐν

333 2049 509 2126 ταύτῃ
535 2053 606 2126 τῇ
633 2048 771 2109 πόλι
796 2039 1217 2122 ὑποκατήμενος
1245 2045 1458 2110 Πύθιος
1483 2045 1516 2106 ὁ
1548 2045 1768 2117 Ἀτυος,
1798 2046 1937 2125 ἀνὴρ

335 2136 532 2205 Λυδὸς,
561 2136 792 2205 ἐξείνισε
817 2135 920 2210 τὴν
945 2135 1226 2211 βασιλέος
1251 2134 1525 2210 στρατιὴν
1555 2139 1750 2196 πᾶσαν
1781 2137 1938 2206 ξεινί-

338 2249 455 2282 οισι
490 2224 815 2304 μεγίστοισι
858 2222 950 2281 καὶ
990 2220 1160 2282 αὖτὸν
1185 2221 1413 2299 Ξέρξεα,
1441 2222 1706 2302 χρήματά
1745 2248 1808 2283 τε
1845 2228 1936 2282 ε’π-

338 2313 653 2393 αγγέλλετο
697 2310 1048 2388 βουλόμενος
1095 2315 1153 2373 ἐς
1197 2309 1298 2369 τᾶν
1348 2309 1600 2388 πόλεμον
1651 2311 1936 2390 παρέχειν·

338 2401 833 2481 ἐπαγγελλομένου
873 2399 933 2457 δὲ
968 2397 1234 2476 χρήματα
1261 2399 1495 2470 Πυθίου,
1525 2398 1700 2475 εἴρετο
1728 2399 1940 2475 Ξέρξης

340 2489 609 2564 Περσέων
647 2487 775 2550 τούς
810 2485 1134 2564 παρεόντας,
1161 2485 1246 2550 τίς
1271 2511 1332 2546 τε
1360 2486 1460 2546 ἐῶν
1486 2485 1696 2563 οἷνδρῶν
1723 2485 1940 2550 Πύθιος

338 2575 431 2634 καὶ
458 2575 605 2635 κόσα
631 2576 894 2654 χρήματα
926 2575 1257 2652 κεκτημένος
1283 2574 1694 2656 ἐπαγγέλλοιτο
1727 2578 1937 2643 rafim-23

344 2666 398 2722 οἱ
442 2663 501 2722 δὲ
544 2664 729 2724 εἶπαν·
786 2674 819 2699 “
838 2662 879 2722 ὦ
921 2665 1189 2740 βασιλεῦ,
1239 2659 1398 2726 οὗτός
1442 2668 1565 2722 ἐστι
1606 2662 1668 2726 ὅς
1708 2687 1798 2722 τοι
1841 2661 1942 2722 τᾶν

340 2753 556 2829 πατέρα
584 2756 823 2829 Δαρεῖον
853 2750 1173 2827 ἐδωρήσατο
1199 2754 1271 2830 τῇ
1295 2753 1657 2830 πλατανίστῳ
1696 2756 1769 2828 τῇ
1808 2775 1940 2828 χρυ-

340 2841 445 2918 σέῃ
474 2839 563 2898 καὶ
591 2844 663 2919 τῇ
689 2838 942 2917 ἀμπέλῳ·
984 2837 1045 2902 ὃς
1072 2838 1165 2897 καὶ
1191 2843 1286 2898 νῦν
1313 2843 1436 2899 ἐστι
1475 2842 1691 2915 πρῶτος
1731 2836 1939 2914 α’νθρῶ-

244 2930 323 2990 28
343 2955 460 2988 πων
485 2928 725 3008 πλούτῳ,
755 2931 865 2987 τῶν
889 2925 1050 3003 ἡμεῖς
1074 2927 1247 3002 ἴδμεν,
1274 2927 1416 3003 μεταῖ
1457 2926 1578 2987 σέ.”
1659 2926 1941 3004 Θωμάσας

342 3016 402 3076 δὲ
434 3020 546 3077 τῶν
582 3017 755 3076 ἐπέων
792 3015 859 3075 τὸ
899 3017 1220 3074 τελευταῖον
1247 3016 1475 3093 Ξέρξης,
1510 3014 1675 3078 αὖτὸς
1715 3012 1942 3090 δεύτερα

342 3105 518 3182 εἴρετο
554 3105 772 3166 Πύθιον
819 3102 999 3165 ὁκόσα
1046 3105 1099 3162 οἱ
1148 3102 1233 3179 εἴη
1271 3104 1568 3182 χρήματα;
1620 3102 1652 3164 ὅ
1697 3102 1756 3162 δὲ
1801 3101 1939 3162 εἶπε·

341 3201 377 3226 “
392 3191 437 3252 ὦ
459 3195 730 3271 βασιλεῦ,
758 3191 884 3255 οὔτε
925 3216 996 3253 σε
1036 3190 1343 3271 ἀποκρύψω
1385 3191 1511 3252 οὔτε
1547 3190 1845 3268 σκήψομαι
1875 3189 1942 3250 τὰ

336 3280 417 3354 μὴ
458 3279 655 3341 εἰδέναι
688 3282 792 3358 τήν
828 3283 1099 3358 ἐμεωυτοῦ
1141 3279 1355 3356 οὐσίην,
1398 3277 1529 3338 ἀλλ’
1570 3277 1942 3354 ἐπιστάμενός
