2259 3500
283 132 377 184 270
897 128 1262 178 ·111>0Ao·ro‘1·
1700 122 1885 191 [vm.

281 210 596 288 ἀνθρώπιον,
614 215 727 272 τῶν
751 210 912 287 ἦμεῖς
938 209 1112 285 ἴδμεν,
1131 206 1479 285 Σπαρτιῆται
1497 208 1887 287 προέπεμψαν.

187 301 300 359 125
319 299 418 362 Ὦς
443 299 502 357 δὲ
530 304 590 357 ἐκ
615 302 716 374 τῆς
735 297 1153 373 Λακεδαίμονος
1178 296 1409 355 ἀπίκετο
1430 299 1486 358 ἐς
1511 293 1612 357 τᾶς
1626 293 1887 371 Ἀθήνας,

283 389 523 447 ἐνθαῦτα
549 385 870 463 Τιμόδημος
893 384 1237 460 Ἀφιδναῖος,
1264 388 1375 444 τῶν
1413 384 1627 461 ἐχθρῶν
1648 384 1754 460 μὲν
1779 388 1891 444 τῶν

283 474 698 551 Θεμιστοκλέος
769 472 885 543 ἐῶν,
941 472 1129 535 ἄλλως
1185 473 1245 531 δὲ
1294 470 1363 530 οὗ
1415 475 1526 531 τῶν
1578 473 1890 545 ἐπιφανέων

281 562 508 639 ἀνδρῶν,
552 560 744 642 φθόνῳ
787 561 1185 641 καταμαργέων
1239 560 1437 619 ἐνείκεε
1474 558 1575 619 τόν
1614 565 1888 636 Θεμιστο-

283 652 436 724 κλέα,
466 649 571 726 τῆν
609 655 664 713 ἐς
696 650 1086 727 Λακεδαίμονα
1122 647 1311 717 ἄπιξιν
1345 648 1656 723 προφέρων,
1694 648 1766 711 ὥς
1797 642 1889 708 διά

279 738 381 801 τοὶς
410 737 651 814 Ἀθήνας
683 739 802 817 ἔχοι
832 736 905 797 τὰ
937 737 1104 818 γέρεα
1134 734 1207 796 τοὶ
1239 735 1393 813 παραὶ
1419 735 1881 812 Λακεδαιμονίων,

281 825 412 886 ἀλλ’
441 826 506 886 οὗ
543 825 610 885 δι’
645 825 862 886 ἑωυτόν·
905 824 937 885 ὁ
971 826 1046 894 δὲ,
1076 824 1201 883 ἐπεί
1230 850 1293 883 τε
1320 821 1419 882 οὖκ
1453 822 1687 903 ἐπαύετο
1712 828 1887 885 ταῦτα

283 916 464 996 λέγων
493 914 524 975 ὁ
561 913 896 991 Τιμόδημος,
934 913 1073 971 εἶπε·
1116 923 1153 949 “
1172 911 1313 972 οὕτω
1358 913 1473 990 ἔχει
1513 936 1621 970 τοι·
1665 910 1777 969 οὔτ’
1820 912 1879 971 ἂι

282 1003 406 1083 ἐγώ,
437 1002 538 1062 ἐῶν
570 1002 924 1077 Βελβινίτης,
967 999 1233 1076 ἐτιμήθην
1266 998 1407 1058 οὕτω
1438 996 1581 1074 πρὸς
1612 999 1885 1076 Σπαρτιη-

279 1091 435 1149 τέων·
479 1089 591 1150 οὗτ’
619 1087 690 1147 ἂν
717 1089 807 1158 σύ,
839 1088 1114 1164 ὦνθρωπε,
1150 1087 1255 1147 ἐών
1284 1084 1633 1162 Ἀθηναῖος.”
1712 1090 1883 1148 ταῦτα

281 1178 385 1253 μέν
413 1202 511 1237 νυν
536 1182 591 1240 ἐς
615 1180 857 1236 τοσοῦτο
889 1176 1118 1255 ἐγένετο.
1168 1178 1279 1243 V
1725 1248 1731 1253 .

191 1265 304 1322 126
402 1262 752 1341 Ἀρτάβαζος
793 1263 853 1323 δὲ
896 1262 929 1322 ὅ
971 1261 1302 1339 Φαρνάκεος,
1344 1261 1482 1340 ἀνὴρ
1526 1266 1586 1323 ἐν
1622 1264 1889 1343 Πέρσῃσι

282 1351 519 1432 λόγιμος
545 1352 637 1410 καὶ
664 1349 883 1428 πρόσθε
912 1349 1030 1421 ἐῶν,
1059 1355 1120 1409 ἐκ
1160 1350 1221 1409 δὲ
1252 1353 1363 1409 τῶν
1400 1355 1759 1410 Πλαταιῖκῶν
1796 1352 1887 1410 καὶ

281 1443 508 1515 μᾶλλον
551 1442 631 1500 ἔτι
679 1438 990 1520 γενόμενος,
1039 1439 1179 1517 ἔχων
1223 1438 1286 1506 ἓξ
1326 1437 1594 1516 μυριάδας
1641 1445 1887 1516 στρατοῦ
1958 1442 1967 1453 ’

281 1526 384 1587 τᾶν
408 1527 728 1605 Μαρδόνιος
755 1528 1062 1597 ἐξελέξατο,
1087 1527 1415 1603 προέπεμπε
1440 1526 1694 1601 βασιλέα
1719 1527 1887 1605 μέχρι

282 1619 383 1673 τοῦ
409 1614 605 1693 πόρου·
648 1614 719 1678 ὥς
745 1615 804 1673 δὲ
830 1615 862 1674 ὁ
888 1618 992 1691 μὲν
1021 1613 1092 1690 ἦν
1129 1619 1187 1673 ἐν
1222 1616 1293 1692 τῇ
1320 1612 1506 1691 Ἀσίῃ,
1534 1612 1568 1673 ὅ
1604 1614 1663 1673 δὲ
1688 1613 1887 1678 ,ὀπίσω

281 1704 650 1780 πορευόμενος
683 1701 825 1763 καϊιὶι
859 1702 964 1778 τὴν
990 1700 1305 1778 Παλλήνην
1342 1701 1568 1783 ἐγίνετο,
1596 1700 1693 1762 ἅτε
1724 1708 1887 1780 Μαρ-

283 1791 464 1853 δονίου
531 1820 594 1854 τε
658 1793 1066 1872 χειμερίζοντος
1117 1791 1247 1869 περὶ
1300 1790 1629 1865 Θεσσαλίην
1679 1816 1743 1849 τε
1796 1793 1887 1850 καὶ

282 1880 650 1956 Μακεδονίην,
680 1882 771 1939 καὶ
799 1871 959 1939 οὖδέν
992 1906 1066 1938 κω
1105 1880 1527 1959 κατεπείγοντος
1559 1878 1713 1954 ἥκειν
1740 1883 1795 1942 ἐς
1820 1880 1886 1940 τό

283 1966 432 2028 ἄλλο
459 1968 856 2045 στρατόπεδον,
887 1967 985 2026 οὐκ
1013 1967 1269 2036 ἐδικαίου,
1298 1966 1541 2046 ἐντυχιῖν
1567 1965 1887 2027 σῖπεστεῶσι

285 2055 710 2132 Ποτιδαιήτῃσι,
739 2053 821 2132 μή
851 2053 950 2113 οὐκ
979 2054 1564 2130 ἐξανδραποδίσασθαί
1584 2061 1789 2130 σφεας·
1834 2059 1887 2115 οἱ

279 2143 390 2222 γοῖρ
426 2143 811 2218 Ποτιδαιῆται,
841 2141 912 2205 ὦς
940 2142 1222 2217 βασιλεῦς
1252 2142 1703 2218 παρεξεληλάκεε
1735 2144 1827 2202 καὶ
1852 2143 1887 2204 ὁ

281 2229 534 2292 ναυτικὸς
566 2233 720 2289 τοῖσι
761 2231 1027 2309 Πέρσῃσι
1069 2230 1294 2308 οἰχώκεε
1336 2231 1556 2311 φεύγων
1598 2236 1657 2290 ἐκ
1701 2233 1886 2296 Σαλα-

279 2319 456 2394 μῖνος,
506 2322 565 2375 ἐκ
616 2322 718 2376 τοῦ
767 2315 1012 2396 φανεροῦ
1065 2318 1399 2378 ἀπέστασαν
1442 2318 1553 2378 οἷπό
1593 2323 1704 2378 τῶν
1744 2321 1885 2397 βαρ-

281 2403 494 2480 βάρων·
537 2403 609 2468 (ὃς
635 2405 694 2463 δὲ
723 2407 814 2464 καὶ
851 2405 1028 2465 ὧλλοι
1065 2410 1117 2464 οἱ
1150 2406 1255 2480 τήν
1293 2406 1611 2482 Παλλήνην
1648 2408 1885 2486 ἔχοντες.

285 2493 520 2552 ἐνθαῦτα
547 2492 614 2568 δή
643 2492 674 2554 ὅ
700 2492 1052 2570 Ἀρτάβαζος
1083 2494 1406 2570 ἐπολιόρκεε
1432 2495 1534 2570 τὴν
1561 2495 1881 2571 Ποτιδαίην.

191 2580 302 2642 127
320 2580 708 2645 ’Υποπτεύσας
753 2582 814 2641 δὲ
867 2582 958 2642 καὶ
997 2582 1126 2646 τούς
1165 2581 1494 2644 Ὀλυνθίους
1534 2582 1886 2642 ἀπίστασθαι

280 2667 392 2727 οἷπὸ
445 2670 740 2745 βασιλέος,
797 2670 889 2728 καὶ
939 2669 1148 2746 ταύτην
1202 2669 1541 2745 ἐπολιόρκεε·
1620 2671 1773 2749 εἶχον
1828 2672 1887 2730 δὲ

283 2755 453 2832 αὐτὴν
489 2761 774 2817 Βοττιαῖοι
815 2761 869 2817 οἱ
910 2762 971 2816 ἐκ
1010 2761 1110 2817 τοῦ
1140 2757 1421 2835 Θερμαίου
1454 2757 1670 2817 κόλπου
1698 2759 1881 2828 ἐξανα-

283 2844 515 2907 στάντες
538 2844 649 2904 ὗπὸ
678 2845 1032 2906 Μακεδόνων·
1076 2846 1197 2905 ἐπεὶ
1222 2846 1286 2904 δέ
1302 2852 1488 2920 σφεας
1516 2845 1633 2904 εἷλε
1656 2851 1885 2922 πολιορ-

285 2932 433 3004 κέων,
466 2933 786 3007 κατέσφαξε
817 2934 1101 3014 ἐξαγαγῶν
1134 2939 1189 2998 ἐς
1226 2934 1447 3009 λίμνην·
1488 2934 1593 3009 τὴν
1631 2934 1691 2994 δὲ
1716 2933 1887 2993 πόλιν

281 3019 578 3095 παραδιδοῖ
616 3021 992 3100 Κριτοβούλῳ
1033 3021 1325 3098 Τορωναίῳ
1358 3021 1759 3098 ἐπιτροπεύειν,
1794 3020 1886 3078 καὶ

281 3109 358 3181 τῷ
387 3107 706 3186 Χαλκιδικῷ
738 3111 905 3190 γένεϊ·
947 3110 1040 3167 καὶ
1082 3107 1223 3168 οὕτω
1254 3107 1539 3167 ’Όλυνθον
1580 3109 1887 3169 Χαλκιδέες

205 3192 306 3248 ’28
325 3192 516 3270 ἔσχον.
594 3194 838 3264 Ἐξελῶν
863 3196 924 3254 δὲ
947 3194 1155 3271 ταύτην
1177 3194 1211 3254 ὅ
1236 3193 1587 3272 Ἀρτάβαζος
1612 3199 1683 3273 τῇ
1712 3200 1886 3253 Ποτι-

284 3275 410 3354 δαίῃ
443 3282 804 3357 ἐντεταμένως
841 3285 1131 3360 προσεῖχε·
1172 3283 1514 3360 προσέχοντι
1552 3281 1617 3340 δέ
1654 3284 1709 3340 οἱ
1747 3304 1886 3358 προ-
