2259 3500
318 101 413 155 176
928 105 1292 157 ἨΡΟΔΟΤΟΥ
1745 104 1901 165 [VII.

404 184 577 241 μοῦνον
594 184 865 245 ἀπόρθητον
884 188 1114 248 τελέθειν,
1140 188 1198 235 τὸ
1221 187 1278 234 σὲ
1297 186 1442 235 τέκνα
1465 185 1512 232 τ’
1532 185 1704 244 ὀνήσει.

406 256 529 314 μηδὲ
551 258 611 303 σύ
631 256 680 316 γ’
703 259 969 317 ἱπποσύνην
991 278 1046 306 τε
1068 262 1222 318 μένειν
1245 260 1326 306 καὶ
1348 260 1488 316 πεζὸν
1513 258 1645 305 ἰόντα

407 329 591 375 πολλὸν
614 329 698 375 ἀπ’
716 330 910 391 ἠπείρου
932 334 1140 392 στρατὸν
1161 330 1356 391 ἥσυχος,
1380 329 1489 377 ἀλλ’
1512 330 1776 392 ὑποχωρεῖν

406 399 555 446 νῶτον
577 400 887 463 ἐπιστρέψας·
927 404 999 449 ἔτι
1016 421 1089 451 τοι
1113 404 1227 452 κοτὲ
1246 404 1430 451 κάντίος
1454 403 1591 461 ἔσσῃ.

407 469 446 516 ὦ
468 472 572 529 θείη
595 474 828 532 Σαλαμὶς,
858 475 1055 523 ἀπολεῖς
1078 476 1128 523 δὲ
1151 476 1214 523 σὺ
1234 476 1380 523 τέκνα
1399 474 1650 534 γυναικῶν,

406 540 442 599 ἤ
460 558 553 589 που
575 545 881 604 σκιδναμένης
902 547 1191 608 Δημήτερος,
1221 546 1252 606 ἢ
1274 548 1536 605 συνιούσης.

216 646 329 703 142
348 648 536 707 Ταῦτά
562 657 673 726 σφι
697 649 977 729 ἠπιώτερα
1002 650 1111 733 γοὶρ
1148 654 1256 711 τῶν
1281 650 1560 728 προτέρων
1597 652 1688 709 καὶ
1712 648 1784 727 ἦν
1810 650 1903 709 καὶ

308 733 488 794 ἐδόκεε
531 736 684 812 εἶναι,
724 738 1185 820 συγγραψάμενοι
1221 737 1668 799 ἀπαλλάσσοπο
1710 744 1764 801 ἐς
1803 738 1904 800 τὰς

304 820 561 899 Ἀθήνας·
610 826 681 889 ὥς
721 826 781 885 δὲ
819 826 1157 889 ἀπελθόντες
1191 830 1244 885 οἱ
1276 825 1580 903 θεοπρόποι
1617 825 1902 907 ἀπήγγελ-

302 912 461 969 λον’
435 938 490 975 ες
512 912 611 973 τᾶν
637 913 829 990 δῆμον,
854 918 1070 1022 γνῶμαι
1096 914 1188 972 καὶ
1213 913 1388 973 ἄλλαι
1413 914 1681 973 πολλαὶ’
1655 916 1902 995 εγίνοντο

294 997 601 1093 διζημένων
624 1028 690 1059 το
716 1001 998 1077 μαντήϊον,
1023 1028 1114 1059 και
1094 1002 1254 1060 αἵδε
1273 1005 1666 1077 συνεστηκυῖαι
1691 1001 1899 1079 μάλισ-

294 1070 393 1176 τα·
418 1091 529 1146 τῶν
552 1091 949 1165 πρεσβυτέρων
970 1092 1165 1170 ἔλεγοι
1181 1090 1540 1167 μετεξέτεροι,
1563 1090 1769 1150 δοκέειν
1785 1098 1899 1167 σφι

296 1167 399 1233 τᾶν
426 1175 553 1235 θεὸν
582 1176 685 1251 τὴν
720 1175 1026 1253 ἀκρόπολιν
1060 1181 1274 1255 χρῆσαι
1310 1179 1691 1254 περιέσεσθαι·
1724 1178 1761 1254 ἦ
1786 1206 1896 1259 γαρ

302 1260 606 1338 οἷκρόπολις
634 1263 701 1323 τό
734 1263 912 1322 πάλαι
945 1268 1054 1325 τῶν
1078 1264 1406 1340 Ἀθηνέωνε
1378 1268 1532 1343 ρηχῶ
1558 1266 1894 1341 ἐπέφρακτο·

301 1352 355 1409 οἳ
378 1352 483 1427 μὲν
510 1350 577 1427 δή
603 1352 745 1412 κατοὶ
768 1352 866 1412 τὸν
892 1351 1158 1434 φραγμὸν
1187 1352 1614 1429 συνεβάλλοντο
1638 1358 1804 1412 τοῦτο
1828 1354 1894 1414 τὸ

305 1438 530 1509 ξύλινον
563 1444 747 1520 τεῖχος
788 1441 945 1501 εἶναι·
994 1444 1047 1499 οῖ
1087 1441 1136 1500 δ’
1176 1439 1246 1500 αὖ
1278 1442 1474 1522 ἔλεγον
1502 1440 1603 1505 τὰς
1632 1442 1758 1505 νέας
1791 1468 1892 1520 ση-

298 1528 512 1604 μαίνειν
536 1526 636 1589 τᾶν
671 1528 813 1599 θεόν,
844 1529 935 1587 καὶ
961 1529 1164 1593 ταύτας
1189 1530 1602 1606 παραρτέεσθαι
1639 1531 1894 1593 ἐκέλευον

298 1615 369 1675 τοὶ
404 1614 559 1675 ἄλλα.
592 1615 847 1681 ἀπέντας.
927 1616 1063 1681 τούς
1098 1617 1174 1677 ὧν
1213 1617 1281 1693 δὴ
1319 1616 1422 1680 τοῖς
1462 1616 1586 1679 νέας
1611 1612 1894 1697 ’λέγοντας

298 1704 437 1766 εἶναι
460 1704 526 1766 vd
554 1704 778 1776 ξύλινον
795 1704 986 1785 τεῖχος
1011 1707 1273 1782 ἔσφαλλε
1297 1703 1368 1765 τοὶ
1394 1702 1491 1764 δύο
1510 1702 1582 1766 τσῖ
1600 1708 1893 1765 τελευταῖα

293 1793 534 1870 ῥηθέντα
559 1793 669 1855 13πό
694 1798 796 1870 τῆς
820 1795 1055 1870 Πυθίης·

392 1916 435 1964 αἳ
452 1917 557 1974 θείη
578 1917 810 1975 Σαλαμὶς,
842 1917 1037 1964 ἀπολεῖς
1054 1917 1105 1963 δὲ
1127 1917 1189 1963 σὺ
1210 1915 1354 1962 τέκνα
1373 1915 1624 1975 γυναικῶν,

392 1988 427 2048 ἥ
447 2005 539 2036 που
557 1989 865 2046 σκιδναμένης
888 1989 1162 2049 Δημήτερος
1186 1985 1218 2044 ἢ
1240 1989 1500 2045 συνιούσης.

291 2093 434 2153 κατὰ
482 2098 659 2155 ταῦτα
708 2093 779 2153 τοὶ
832 2094 965 2152 ἔπεα
1023 2093 1355 2170 συνεχέοντο
1407 2095 1465 2152 αἱ
1515 2097 1732 2172 γνῶμαι
1756 2154 1766 2166 ,
1780 2098 1890 2155 τῶν

293 2182 555 2257 φαμένων
592 2180 693 2244 τοὶς
733 2182 856 2243 νέας
895 2179 962 2240 τό
1003 2178 1228 2249 ξύλινον
1261 2183 1445 2258 τεῖχος
1483 2180 1638 2239 εἶναι·
1689 2183 1743 2241 οἱ
1777 2182 1888 2262 γὰρ

288 2268 685 2350 χρησμολόγοι
717 2268 892 2348 ταύτῃ
926 2273 1101 2328 ταῦτα
1137 2267 1478 2345 ἐλάμβανον,
1508 2267 1577 2331 ὥς
1603 2267 1753 2344 οἷμφὶ
1780 2271 1887 2333 Σα-

289 2361 502 2434 λαμῖνα.
528 2357 613 2416 δεῖ
636 2358 819 2432 σφέας
846 2357 1179 2432 ἑσσωθῆναι,
1208 2356 1518 2434 ναυμαχίην
1535 2382 1886 2433 παρασκευα-

196 2448 311 2504 113
330 2445 623 2521 σαμένους.
675 2445 797 2504 Ἠν
824 2445 883 2504 δὲ
912 2449 1021 2503 τῶν
1055 2469 1140 2506 τις
1163 2443 1470 2519 Ἀθηναίων
1495 2442 1634 2520 οἷνήρ
1663 2448 1716 2506 ἐς
1740 2443 1884 2521 πρῶ-

286 2559 415 2596 τους
467 2533 667 2592 νεωστὶ
718 2531 945 2609 παριῶν,
1002 2535 1079 2610 τῷ
1132 2528 1342 2607 οὔνομα
1388 2533 1491 2607 μὲν
1539 2532 1630 2606 ἔην
1677 2537 1886 2607 Θεμισ-

282 2621 534 2696 τοκλέης,
576 2623 708 2684 παῖς
748 2620 808 2678 δὲ
856 2619 1140 2681 Νεοκλέος
1190 2618 1468 2678 ἐκαλέετο·
1523 2617 1683 2681 οὗτος
1738 2617 1884 2698 ῶνήρ

287 2735 389 2768 ουκ
431 2711 542 2785 ἔφη
582 2734 695 2768 παν
734 2706 911 2785 ὀρθῶς
948 2731 1078 2769 τους
1129 2705 1565 2786 χρησμολόγους
1617 2708 1882 2784 συμβάλ-

283 2798 506 2866 λεσθαι,
532 2797 713 2880 λέγων
737 2795 942 2856 τοιάδε·
971 2799 1019 2853 εἰ
1037 2798 1092 2856 ε’ς
1116 2792 1524 2870 Ἀθηναίους’
1471 2819 1587 2873 ειχε
1611 2820 1678 2853 το
1705 2794 1885 2859 πάθος

286 2886 569 2961 εἰρημένον
613 2883 823 2954 ἐόντως,
869 2909 968 2942 ουκ
1013 2908 1082 2942 αν
1128 2880 1270 2941 οὕτω
1313 2907 1411 2958 μιν
1457 2881 1663 2943 δοκέειν
1709 2881 1884 2958 ἠπίως

281 2973 615 3050 χρησθῆναι,
644 2971 800 3032 ἄλλα
828 2965 948 3030 ὧδε·
985 2968 1026 3028 ὦ
1052 2969 1294 3048 σχετλίη
1316 2970 1590 3045 Σαλαμίς·
1632 2968 1755 3030 οἷντὶ
1781 2976 1882 3030 τοῦ

283 3086 327 3116 ω
296 3059 490 3168 ”Bet-»7⁹
497 3060 769 3137 Σαλαμίς·
812 3085 964 3135 ειπερ
989 3082 1057 3138 γε
1083 3057 1323 3133 ἔμελλον
1351 3059 1404 3114 οἱ
1431 3056 1711 3134 οἰκήτορες
1737 3056 1882 3135 ἀμφ’

283 3147 424 3225 αὐτῇ
460 3149 833 3224 τελευτήσειν·
876 3146 1031 3205 αλλα
1066 3171 1178 3225 γαρ
1216 3149 1271 3207 ἐς
1303 3170 1432 3207 τους
1466 3146 1771 3238 πολεμίους
1805 3149 1883 3204 τῶ

284 3235 389 3309 θεῷ
430 3238 686 3310 εἰρῆσθαι
724 3235 791 3294 τό
830 3232 1191 3314 χρηστήριον,
1227 3217 1696 3307 συλλαμβάνοντι
1736 3257 1881 3289 κατα
