2259 3500
315 142 415 189 122
950 134 1320 185 ·11P0A0·1·0‘r
1759 132 1915 198 [v11.

317 216 563 295 ρωτέρην
591 239 670 289 τε,
699 212 819 293 ἅμα
844 214 905 273 δὲ
927 213 1197 291 τιμωρίην
1221 238 1284 272 τε
1311 211 1404 271 καὶ
1427 211 1579 272 τίσιν
1603 214 1919 293 γινομένην·

315 304 403 365 διδ
442 304 615 381 ὖμέας
654 306 752 363 νῦν
793 301 901 383 ἐγώ
941 302 1235 371 συνέλεξα,
1264 302 1353 361 ἵνα
1377 301 1446 361 τὸ
1473 301 1607 360 νοέω
1637 301 1922 376 πρήσσειν

314 392 665 469 ὑπερθέωμαι
704 390 854 469 ὖμῖν.
935 391 1149 467 μέλλω,
1191 388 1383 460 ζεύξας
1419 387 1521 449 τᾶν
1560 387 1920 464 Ἑλλήσπον-

315 505 429 549 τον,
469 482 604 540 ε’λᾶν
646 477 893 556 στρατὸν
936 477 1028 537 δια
1069 482 1172 553 τῆς
1200 475 1474 553 Εὐρώπης
1516 476 1608 535 ε’πὶ
1646 475 1752 552 τήν
1788 476 1919 536 Ελ·

317 566 538 639 λάδα,
512 592 601 626 ινα
627 565 952 643 Ἀθηναίους
989 564 1384 643 τιμωρήσομαι
1423 563 1538 623 ὅσα
1578 562 1647 639 δὴ
1688 566 1920 675 πεποιη-

319 681 455 715 κασι
492 657 723 732 Πέρσας
755 679 819 715 τε
852 653 944 713 καὶ
978 654 1195 731 πατέρα
1233 651 1334 713 τόν
1374 651 1527 729 ἐμόν.
1609 652 1787 730 ωρὰῗτε
1815 656 1922 729 μέν

317 770 413 804 νυν
445 744 537 804 καὶ
565 747 804 821 Δαρεῖον
838 740 1061 803 ἰθύοντα
1102 739 1510 818 στρατεύεσθαι
1541 740 1634 799 ε’πὶ
1659 740 1787 805 τούς
1827 739 1919 801 ἅν-

320 832 453 909 δρας
487 831 738 895 τούτους·
783 829 915 891 ἀλλ’
948 830 980 889 ὁ
1014 833 1119 908 μὲν
1156 828 1529 905 τετελεύτηκε,
1567 830 1660 888 καὶ
1697 828 1796 888 οὔκ
1837 831 1918 899 ε’ξ-

316 919 533 1001 εγένετό
575 923 629 980 οἱ
667 918 1117 997 τιμωρήσασθαι·
1174 917 1282 998 ἐγώ
1324 916 1382 976 δὲ
1425 914 1563 993 ὖπέρ
1606 942 1668 976 τε
1711 917 1920 977 ἐκείνου

315 1009 408 1067 καὶ
432 1012 542 1068 τῶν
569 1007 759 1067 ἄλλων
783 1006 1053 1083 Περσέων
1078 1004 1144 1064 οὗ
1171 1004 1442 1083 πρότερον
1467 1003 1762 1081 παύσομαι
1788 1005 1920 1081 πρὶν

313 1092 353 1170 ἦ
390 1096 499 1154 ἕλω
538 1120 599 1154 τε
640 1094 733 1153 καὶ
772 1093 1013 1171 πυρώσω
1052 1092 1153 1155 τὰς
1183 1092 1444 1168 Ἀθήνας·
1487 1093 1548 1152 οἵ
1579 1119 1648 1174 γε
1689 1095 1786 1170 ἐμὲ
1828 1094 1920 1152 καὶ

314 1184 530 1261 πατέρα
568 1182 667 1242 τόν
708 1182 843 1259 ε’μόν
867 1180 1119 1259 ὖπῆρξαν
1147 1180 1312 1240 ἄδικα
1342 1186 1643 1246 ποιεῦντες.
1724 1187 1920 1260 πρῶτα

316 1273 420 1347 μὲν
448 1274 502 1334 ές
530 1269 731 1348 Σάρδις
757 1269 1013 1333 ἐλθόντες
1038 1268 1158 1345 ἅμα
1181 1268 1579 1351 Ἀρισταγόρῃ,
1609 1272 1707 1351 (τῷ
1733 1274 1916 1347 Μιλη-

315 1359 436 1438 σίῳ,
470 1358 650 1438 δούλῳ
690 1358 751 1417 δὲ
792 1356 1083 1438 ἦμετέρῳ,)
1127 1355 1456 1434 ἀπικόμενοι
1502 1360 1813 1435 ἐνέπρησαν
1846 1360 1920 1419 τά

311 1471 375 1505 τε
410 1445 595 1506 ἅλσεα
637 1446 728 1506 καὶ
771 1445 842 1505 τὰ
880 1445 990 1523 ἱρά·
1033 1445 1262 1522 δεύτερα
1304 1446 1364 1505 δὲ
1410 1445 1586 1523 η’μέας
1626 1447 1717 1507 οἷα
1759 1449 1920 1525 ἔρξαν

316 1539 372 1597 ἐς
396 1533 499 1611 τήν
538 1534 821 1612 σφετέρην
860 1533 1206 1610 ἀποβάντας,
1236 1532 1330 1593 ὅτε
1359 1535 1533 1597 Δᾶτίς
1573 1560 1636 1594 τε
1677 1535 1768 1593 καὶ
1791 1534 1920 1612 Ἀρ-

312 1623 591 1701 ταφέρνης
638 1622 1027 1705 ἐστρατήγεον,
1076 1622 1151 1683 τοὶ
1194 1622 1510 1681 ἐπίστασθέ
1554 1648 1654 1681 κου
1699 1622 1917 1687 πάντες·

311 1710 519 1773 τούτων
562 1712 753 1790 μέντοι
798 1711 978 1772 εἵνεκα
1022 1709 1337 1787 ἀνάρτημαι
1379 1708 1464 1770 ἐπ’
1509 1709 1707 1774 αὐτοῦς
1749 1736 1918 1789 στρα-

312 1801 593 1862 τεύεσθαι·
642 1800 829 1882 ἇγαθαῖ
876 1800 936 1858 δὲ
984 1805 1042 1858 ἐν
1090 1798 1314 1858 αὐτοῖσι
1359 1798 1570 1859 τοσάδε
1615 1799 1920 1876 ἀνευρίσκω

313 1888 689 1969 λογιζόμενος,
712 1892 760 1946 εἰ
784 1886 1011 1949 τούτους
1038 1912 1098 1945 τε
1124 1887 1222 1945 καὶ
1246 1885 1376 1949 τοῦς
1400 1885 1654 1946 τούτοισι
1678 1891 1918 1963 πλησιο-

312 1974 526 2055 χώρους
569 1973 1086 2052 καταστρεψόμεθα,
1137 1973 1190 2033 οἳ
1240 1974 1506 2036 Πέλοπος
1552 1979 1653 2033 τοῦ
1700 1973 1919 2057 Φρυγὸς

314 2064 573 2140 νέμονται
612 2062 818 2143 χώρην·
858 2065 966 2141 γῆν
1006 2060 1111 2136 τήν
1154 2061 1410 2138 Περσίδα
1454 2060 1797 2139 ἀποδέξομεν
1840 2068 1920 2142 τῷ

316 2148 453 2213 Διὸς
478 2150 655 2227 αἰθέρι
689 2148 1091 2226 ὁμουρέουσαν·
1137 2148 1202 2207 οὗ
1227 2147 1339 2230 γὰρ
1367 2149 1436 2225 δὴ
1462 2149 1649 2228 χώρην
1673 2177 1741 2231 γε
1769 2150 1918 2210 οὔδε-

312 2238 449 2315 μίαν
476 2235 777 2315 κατόψεται
804 2235 837 2295 6
864 2235 1027 2312 ἥλιος
1052 2235 1295 2314 ὅμουρον
1329 2241 1533 2297 εὀῧσαν
1559 2241 1631 2316 τῇ
1656 2237 1917 2319 ἡμετέρῃ,

312 2323 468 2384 αλλά
492 2331 676 2401 σφεας
701 2323 891 2388 πάσας
917 2322 1091 2405 ἔγω
1054 2350 1174 2401 αμα
1199 2324 1330 2400 ὖμῖν
1362 2325 1498 2402 μίαν
1529 2325 1717 2405 χώρην
1741 2325 1917 2403 θήσω,

313 2412 406 2474 διὰ
430 2412 632 2490 πάσης
644 2412 938 2482 διεξελθῶν
962 2415 1064 2487 τῆς
1087 2410 1381 2489 Εὐρώπης·
1425 2413 1777 2491 πυνθάνομαι
1805 2441 1919 2495 γαρ

316 2498 492 2560 οἶδε’
464 2527 627 2580 εχειν·
670 2499 794 2560 οὔτε
836 2497 960 2559 τινὰ
1001 2499 1173 2559 πόλιν
1218 2498 1429 2576 ἀνδρῶν
1474 2499 1749 2578 οὐδεμίαν,
1795 2502 1921 2562 οὔτε

314 2589 469 2652 ἔθνος
515 2587 673 2648 οὐδὲν
718 2587 1021 2665 ἀνθρώπων
1061 2586 1473 2648 ὑπολείπεσθαι
1511 2588 1579 2648 τὸ
1621 2587 1759 2666 ημῖν
1801 2589 1923 2651 οἷόν

311 2703 376 2737 τε
427 2677 586 2737 ἔσται
639 2678 823 2736 ἐλθεῖν
869 2680 924 2739 ἐς
973 2674 1181 2753 μάχην,
1231 2674 1439 2734 τούτων
1491 2680 1603 2736 τῶν
1651 2678 1926 2750 κατέλεξα,

311 2764 854 2844 ὑπεξαραιρημένων·
910 2762 1051 2822 οὕτω
1102 2763 1164 2822 οἵ
1208 2788 1271 2824 τε
1323 2762 1459 2840 ἡμῖν
1506 2789 1675 2823 αιτιοι
1729 2765 1922 2834 εξουσι

312 2853 539 2915 δούλιον
564 2852 746 2935 ζυγόν,
776 2879 829 2912 οι
869 2877 932 2913 τε
972 2849 1226 2911 ἀναίτιοι.
1312 2849 1468 2930 υμεῖς
1495 2851 1605 2910 δ”
1569 2878 1636 2912 αν
1661 2878 1762 2930 μοι
1786 2851 1921 2912 τάδε

313 2942 593 3006 ποιέοντες
630 2940 977 3023 χαριζοισθε·
1020 2939 1190 2998 ε’πεάν
1214 2937 1347 3015 υμῖν
1380 2938 1614 3019 σημῄνω
1649 2940 1749 3000 τόν
1787 2939 1918 3050 χρό-

312 3055 409 3090 νον
452 3035 508 3094 ε’ς
547 3030 646 3091 τόν
689 3030 842 3107 ἥκειν
884 3028 981 3097 δεῖ,
1016 3026 1314 3103 προθύμως
1354 3026 1539 3085 πάντα
1573 3052 1697 3087 τινα
1738 3027 1921 3103 ὖμέων

308 3117 515 3196 χρήσει
540 3122 811 3195 παρεῖναι·
854 3115 915 3180 ὃς
956 3113 1023 3175 ἂν
1064 3114 1124 3172 δὲ
1164 3115 1304 3193 ἔχων
1329 3112 1438 3192 ἥκῃ
1463 3115 1919 3190 παρεσκευασμέ-

314 3229 412 3263 νον
452 3205 695 3282 στρατόν
733 3205 1033 3272 κάλλιστα,
1064 3201 1225 3262 δώσω
1254 3204 1308 3261 οἱ
1335 3201 1484 3278 δῶρα
1513 3199 1586 3260 τσῖ
1611 3199 1918 3275 τιμιώτατα

338 3292 593 3366 ὀμίζεται
620 3293 759 3353 εἶναι
786 3298 845 3353 ἐν
868 3291 1160 3369 ἡμετέρου.
1225 3289 1464 3364 ποιητέα
1487 3289 1594 3361 μέν
1619 3311 1716 3346 νυν
1740 3287 1918 3344 ταῦτά
