2259 3500
320 161 540 227 70-74]
1036 159 1265 211 nmmo.
1860 159 1923 212 ⁸7

321 243 677 320 προσέβαλε,
703 243 907 318 μοῦνος
929 244 1100 302 τοῦτο
1124 241 1347 303 πάντων
1370 241 1441 319 δὴ
1464 245 1577 302 τῶν
1608 240 1919 323 γενομένων

321 331 614 408 βασιλέων
640 334 698 389 ἐν
725 329 958 410 Σπάρτῃ
982 329 1245 406 ποιήσας.

403 418 742 496 Λευτυχῶης
774 418 834 478 δὲ
871 417 903 479 ὁ
935 417 1239 495 Μενάρεος,
1269 417 1611 497 Δημαρήτου
1642 443 1919 478 καταπαυ·
1934 417 2009 480 71

321 505 571 577 σθέντος,
614 506 892 576 διεδέξατο
937 506 1042 582 τήν
1085 508 1422 584 βασιληίην·
1480 509 1578 567 καί
1615 510 1669 566 οἶ
1706 508 1919 588 γίνεται

321 593 452 658 πάϊς
472 595 822 672 Ζευξίδημος,
842 593 940 654 τᾶν
960 594 1028 670 δή
1058 596 1343 655 Κυνίσκον
1361 595 1703 671 μετεξέτεροι
1726 591 1917 673 ’Σπαρ-

320 683 548 757 τιηι-έων
589 682 838 742 ἐκάλεον.
923 679 1085 745 οὗτος
1125 681 1158 742 ὅ
1202 683 1537 760 Ζευξίδημος
1578 681 1677 744 οὐκ
1720 684 1919 758 ἐβασί-

321 772 492 830 λευσε
521 771 798 848 Σπάρτης·
825 768 940 848 πρδ
959 771 1305 850 Λευτυχίδεω
1330 771 1442 851 γὰρ
1466 775 1717 850 τελευτᾷ,
1738 770 1919 830 λιπών

321 857 496 916 παῖδα
519 857 878 938 Ἀρχίδημον·
912 859 1254 937 Λευτυχίδης
1280 859 1340 918 δὲ
1360 859 1647 936 στερηθεὶς
1668 857 1919 934 Ζευξιδή-

319 971 433 1022 μου
475 947 672 1027 γαμέει
723 947 980 1024 δευτέρην
1030 951 1267 1028 γυναῖκα
1318 946 1665 1025 Εὐρυδάμην,
1715 950 1921 1006 ἐοῦσαν

322 1035 535 1094 Μενίου
567 1037 672 1112 μὲν
706 1034 990 1112 ἀδελφεὴν
1026 1036 1399 1114 Διακτορίδεω
1433 1036 1493 1095 δὲ
1520 1036 1815 1116 θυγατέρα·
1857 1040 1916 1094 ἐκ

317 1125 421 1196 τῆς
446 1125 500 1181 οἶ
527 1123 687 1200 ἔρσεν
712 1126 816 1200 μὲν
838 1124 1052 1204 γινέται
1079 1122 1255 1195 οὐδὲν,
1276 1123 1523 1204 θυγάτηρ
1544 1123 1604 1182 δὲ
1622 1123 1917 1200 Λαμπιτώ·

319 1207 424 1284 τήν
453 1209 796 1289 Ἀρχίδημος
834 1211 866 1271 ὅ
908 1211 1249 1290 Ζευξιδήμου
1288 1214 1501 1292 γαμέει,
1544 1212 1734 1275 δόντος
1774 1211 1921 1290 αὐτῷ

320 1299 682 1377 Λευτυχίδεω.
769 1298 853 1358 Οι’
888 1302 993 1375 μὲν
1025 1299 1152 1360 οὐδὲ
1188 1301 1527 1379 Λευτυχίδης
1556 1300 1833 1381 κατεγήρα
1860 1305 1917 1359 ἐν
1935 1300 2012 1360 72

321 1384 569 1465 Σπάρτῃ,
597 1386 752 1446 ἀλλὰ
777 1389 928 1449 τίσιν
951 1388 1169 1464 τοιήνδε
1194 1389 1318 1448 τιναῖ
1340 1388 1657 1468 Δημαρήτῳ
1684 1388 1915 1458 ἐξέτισε·

321 1474 711 1554 ἐστρατήγησε
735 1475 1230 1552 Λακεδαιμονίοισι
1257 1481 1313 1538 ἐς
1338 1478 1681 1550 Θεσσαλίην,
1709 1475 1919 1552 παρεόν

319 1559 384 1618 δέ
408 1564 464 1619 οἱ
487 1561 779 1641 ὑποχείρια
812 1561 996 1622 πάντα
1031 1563 1385 1640 ποιήσασθαι
1422 1563 1797 1640 ἐδωροδόκησε
1823 1563 1919 1639 ἆρ-

317 1647 516 1728 γῦριον
549 1650 718 1708 πολύ·
774 1650 858 1710 ἐπ’
896 1651 1205 1732 αὐτοφώρῳ
1238 1651 1296 1710 δὲ
1331 1650 1504 1712 οἶλοῧς
1540 1649 1709 1710 αὐτοῦ
1748 1655 1807 1710 ἐν
1844 1655 1923 1729 τῷ

321 1737 681 1817 στρατοπέδῳ
737 1739 1137 1817 ἐπικατήμενος
1193 1738 1393 1819 χειρίδι
1438 1738 1586 1817 πλέῃ
1635 1737 1914 1819 ἀργυρίου,

321 1824 494 1907 ἔφυγε
521 1831 582 1885 ἐκ
609 1827 884 1906 Σπάρτης,
910 1826 1020 1888 ὖπᾶ
1043 1825 1399 1905 δικαστήριον
1416 1826 1702 1905 ὑπαχθείς·
1730 1826 1823 1885 καὶ
1847 1825 1921 1885 τά

321 1916 464 1973 οἰκία
493 1919 548 1975 οἰ
575 1916 924 1994 κατεσκάφη·
968 1918 1141 1998 ἔφυγε
1167 1917 1227 1975 δὲ
1254 1921 1308 1979 ε’ς
1332 1917 1557 1997 Τεγέην,
1587 1916 1679 1974 καὶ
1707 1913 1919 1975 ἐτελεύ·-

317 2027 458 2079 τησε
485 2009 544 2065 ἐν
570 2004 764 2085 ταύτῃ·
791 2008 968 2065 ταῦτα
992 2007 1097 2082 μὲν
1123 2004 1191 2080 δὴ
1221 2004 1439 2084 ἐγένετο
1463 2003 1647 2084 χρόνῳ
1664 2001 1918 2080 ὕστερον.
1965 2020 1991 2071 ,Ι

385 2092 527 2153 Τότε
565 2093 625 2152 δὲ
657 2093 727 2157 ὥς
752 2097 830 2173 τῷ
850 2096 1161 2169 Κλεομένεϊ
1198 2090 1450 2168 εὖωδῶθη
1486 2092 1552 2152 τὸ
1589 2097 1644 2155 ἐς
1674 2092 1773 2152 τόν
1803 2098 1915 2167 Δη-
1936 2091 2012 2151 73

316 2179 570 2259 μᾶρητον
598 2186 852 2262 πρῆγμα,
883 2180 1082 2241 αὐτίκα
1106 2179 1460 2258 παραλαβών
1476 2180 1816 2258 Λευτυχίδεα
1832 2178 1921 2255 ἤϊε

319 2267 411 2325 ἐπὶ
438 2267 568 2331 τοῦς
603 2268 922 2349 Αἰγινήτας,
954 2267 1132 2328 δεινόν
1157 2266 1281 2327 τινά
1302 2274 1415 2343 σφι
1442 2266 1669 2348 ἔγκοτὸν
1704 2266 1796 2326 διοὶ
1820 2267 1947 2326 τᾶν-

319 2356 799 2432 πραπ-ηλακισμὸν
837 2357 994 2432 ἔχων.
1077 2355 1219 2416 οὕτω
1264 2355 1332 2430 δή
1366 2355 1491 2414 οὔτε
1528 2359 1581 2414 οἶ
1606 2360 1917 2436 Αἰγινῆται,

322 2440 656 2518 ἀμφοτέρων
694 2447 804 2502 τῶν
843 2444 1132 2519 βασιλέων
1172 2443 1417 2520 ἡκόντων
1450 2443 1533 2502 ἐπ’
1566 2442 1780 2512 αὐτοῦς,
1814 2443 1917 2501 ἐδι-

323 2528 507 2588 καίευν
533 2531 611 2588 ἔτι
638 2528 993 2607 ἀντιβαίνειν,
1015 2532 1217 2591 ἐκεῖνοί
1230 2557 1293 2591 τε
1314 2530 1699 2607 ἐπιλεξάμενοι
1719 2528 1919 2607 ἄνδρας

322 2614 455 2674 δέκα
487 2618 822 2697 Αἰγινητέων
859 2606 988 2683 τοῖἷς
1021 2620 1297 2679 πλείστου
1336 2617 1522 2688 άξίους
1562 2619 1654 2677 καὶ
1693 2617 1920 2697 πλούτῳ

322 2704 414 2762 καὶ
457 2704 620 2785 γένεϊ,
657 2706 800 2788 ἦγον
847 2707 938 2765 καὶ
979 2706 1191 2770 ἄλλους
1234 2708 1325 2765 καὶ
1372 2706 1439 2783 δή
1486 2707 1579 2765 καὶ
1626 2705 1805 2782 Κρῖόν
1855 2730 1917 2764 τε

319 2792 419 2851 τᾶν
456 2795 811 2871 Πολυκρίτου
838 2795 930 2853 καὶ
957 2794 1287 2871 Κάσαμβον
1313 2793 1412 2853 τὸν
1436 2792 1915 2871 Ἀριστοκράτεος,

322 2880 483 2958 οἵπερ
512 2880 664 2960 εἶχον
689 2884 960 2963 μέγιστον
987 2880 1207 2958 κράτος·
1248 2880 1551 2961 ἀγαγόντες
1571 2881 1633 2939 δέ
1651 2886 1834 2954 σφεας
1866 2884 1921 2941 ἐς

321 2971 428 3047 γῆν
465 2968 570 3044 τήν
609 2968 883 3045 Ἀττικὴν,
916 2968 1248 3045 παραθήκην
1278 2967 1673 3044 παρατίθενται
1705 2970 1759 3025 ἐς
1789 2964 1920 3026 τοῦς

322 3057 618 3133 ἐχθίστους
649 3055 986 3137 Αἰγινήτῃσι
1008 3056 1348 3131 Ἀθηναίους.
1433 3052 1596 3111 Mero?
1635 3052 1693 3108 δὲ
1724 3054 1915 3118 ταῦτα,
1934 3051 2011 3111 74

323 3147 650 3223 Κλεομένεα
691 3144 961 3203 ἐπάϊστον
999 3141 1296 3221 γενόμενον
1337 3136 1823 3214 κακοτεχνήσαντα
1864 3141 1919 3198 ἐς

321 3232 664 3313 Δημαρητον
690 3233 855 3309 δεῖμα
883 3230 1061 3305 ἔλαβε
1086 3228 1493 3305 Σπαρτιητέων,
1522 3223 1613 3281 καὶ
1642 3221 1919 3299 ὑπεξέσχε

322 3326 377 3386 ἐς
410 3324 763 3397 Θεσσαλίην·
806 3321 1056 3380 ἐνθεῦτεν
1088 3316 1149 3375 δε
1184 3312 1513 3389 ἀπικόμενος
1540 3316 1593 3373 ἐς
1618 3335 1722 3385 την
1720 3308 1920 3386 Ἀρκα-
