2259 3500
271 166 277 173 .
295 134 391 183 250
907 128 1272 178 -ΗΡοΔοΤοΤ
1710 129 1894 193 [v111.

297 208 626 278 ἀπελαύνειν
668 207 866 277 ὀπίσω,
911 206 1230 283 Μαρδόνιον
1272 208 1348 276 δὲ,
1394 212 1443 268 εἴ
1488 210 1668 269 ἐθέλει
1706 236 1770 270 τε
1808 214 1900 273 καὶ

303 299 628 360 ὑποδέκεται
666 300 845 356 ταῦτα
886 295 1160 371 ποιήσειν,
1208 294 1380 355 αὐτοῦ
1422 302 1751 359 καταλιπεῖν
1794 302 1901 361 σῦν

297 392 450 450 τοῖσι
489 386 685 445 ἐθέλει·
739 387 906 443 τοῦτο
943 386 1046 459 μὲν
1080 382 1210 465 γοὶρ,
1243 382 1311 460 ἢν
1344 387 1798 464 καταστρέψηται
1828 389 1900 448 τά

302 481 452 551 φησι
485 474 697 533 ἐθέλειν
723 472 820 531 καί
842 474 894 529 οἱ
921 472 1264 551 προχωρήσῃ
1289 472 1361 532 τοὶ
1388 473 1556 533 νοέων
1590 475 1762 555 λέγει,
1791 475 1901 537 σόν

297 563 364 624 vd
408 565 585 644 ἔργον,
632 561 674 621 ὦ
717 560 982 632 δέσποτα,
1025 562 1253 642 γίνεται·
1310 564 1363 621 οἱ
1408 562 1518 642 γοὶρ
1565 564 1663 622 σοὶ
1706 562 1900 624 δοῦλοι

299 652 734 733 κατεργάσαντο·
787 653 954 709 τοῦτο
997 650 1072 719 δὲ,
1116 647 1187 724 ἢν
1226 651 1297 711 τοὶ
1341 652 1559 711 ἐναντία
1596 656 1696 727 τῆς
1738 658 1899 730 Μαρ-

303 740 486 800 δονίου
527 740 749 822 γνώμης
788 741 1029 820 γένηται,
1073 738 1301 815 οὐδεμία
1352 738 1622 816 συμφορὴ
1675 740 1899 821 μεγάλη

299 828 459 889 ἔσται
493 830 596 889 σέο
633 854 695 889 τε
721 827 1035 904 περιεόντος
1064 828 1155 885 καὶ
1183 828 1399 886 ἐκείνων
1423 831 1533 887 τῶν
1556 827 1899 908 πρηγμάτων

303 919 430 995 περὶ
459 918 612 977 οἶκον
637 917 735 976 τόν
765 916 889 975 σόν·
931 914 1001 992 ἦν
1027 916 1137 996 γοῖρ
1165 914 1240 975 σύ
1265 940 1327 975 τε
1351 919 1547 993 περιῇς
1572 915 1664 973 καὶ
1692 915 1840 979 οἶκος
1866 915 1899 977 ὁ

301 1006 419 1078 σὸς,
471 1004 725 1067 πολλοῦς
779 1003 1056 1065 πολλάκις
1109 1002 1324 1085 άγῶνας
1378 1003 1707 1080 δραμέονται
1770 1004 1899 1081 περὶ

299 1095 490 1168 σφέων
511 1093 689 1152 αὐτῶν
719 1095 773 1150 οἶ
787 1091 1084 1167 Ἕλληνες·
1117 1091 1438 1167 Μαρδονίου
1461 1091 1537 1162 δὲ,
1564 1090 1633 1167 ἦν
1652 1116 1708 1149 τι
1725 1091 1896 1171 πάθῃ,

301 1180 472 1260 λόγος
515 1179 688 1242 οὐδεὶς
728 1179 958 1259 γίνεται·
1015 1177 1144 1238 οὐδέ
1172 1204 1227 1237 τι
1260 1183 1510 1242 νικῶντες
1540 1182 1595 1238 οἱ
1618 1178 1899 1254 Ἕλληνες

301 1271 512 1339 νικῶσι,
545 1267 746 1326 δοῦλον
787 1290 895 1325 σον
935 1266 1333 1329 ἀπολέσαντες·
1376 1267 1451 1326 σύ
1479 1267 1553 1335 δὲ,
1582 1292 1693 1326 των
1720 1266 1899 1326 εἵνεκα

289 1354 398 1414 τᾶν
427 1354 692 1415 στόλον’
668 1353 931 1430 εποιήσω,
961 1354 1223 1431 πυρώσας
1247 1380 1346 1417 τας
1372 1353 1613 1429 Ἀθήνας
1637 1352 1900 1434 ἅπελᾷςῗ

209 1444 322 1502 103
395 1442 594 1519 Ἥσθη
622 1468 682 1503 τε
708 1443 776 1519 δή
803 1469 874 1520 τῃ
847 1443 1227 1521 “συμβουλίῃ
1245 1443 1473 1518 Ξέρξης·
1515 1442 1765 1523 λέγουσα
1789 1469 1897 1523 γαρ

305 1529 642 1612 ἐπετύγχανε
679 1530 855 1607 τάπερ
889 1528 1054 1594 αὐτος
1091 1530 1255 1590 ἐνόεε·
1301 1530 1427 1590 οὔδε
1460 1556 1585 1612 γαρ,
1620 1534 1669 1589 εἰ
1700 1529 1899 1595 πάντες

301 1618 392 1677 καὶ
452 1624 634 1679 πᾶσαι
683 1617 1096 1695 συνεβούλευον
1145 1618 1292 1697 αὐτῷ
1341 1619 1541 1695 μένειν,
1608 1619 1763 1693 ἔμενε
1814 1617 1896 1687 ἂν,

303 1705 509 1768 δοκέειν
544 1707 686 1785 ἐμοί·
731 1706 870 1767 οὕτω
906 1706 1335 1785 καταρρωδήκεε·
1380 1706 1674 1769 ἐπαινέσας
1710 1705 1768 1765 δὲ
1796 1706 1900 1782 τὴν

298 1792 676 1874 Ἀρτεμισίην,
705 1796 912 1871 ταύτην
941 1797 1044 1872 μὲν
1078 1794 1426 1857 ἀποστέλλει
1452 1794 1704 1876 ἄγουσαν
1730 1792 1899 1854 αὐτοῦ

299 1883 427 1946 τούς
467 1885 668 1948 παῖδας
710 1889 764 1946 ἐς
793 1881 1068 1958 Ἔφεσον·
1117 1883 1271 1943 νόθοι
1305 1882 1414 1964 γάρ
1452 1907 1592 1944 τινες
1624 1881 1815 1943 παῖδές
1848 1884 1899 1941 οἱ

209 1971 322 2029 104
341 1971 710 2032 συνέσποντο.
783 1971 1109 2046 Συνέπεμπε
1150 1973 1210 2029 δὲ
1246 1974 1400 2029 τοῖσι
1434 1969 1599 2028 παισὶ
1643 1968 1900 2045 φύλακον

303 2057 659 2135 Ἑρμότιμον,
680 2059 840 2138 γένος
865 2060 968 2133 μὲν
997 2057 1159 2117 ἐόντα
1185 2058 1472 2133 Πηδασέα,
1504 2055 1815 2134 φερόμενον
1842 2057 1901 2117 δὲ

301 2143 367 2202 οὗ
395 2145 468 2204 τοὶ
503 2145 727 2220 δεύτερα
767 2148 876 2204 τῶν
916 2143 1189 2222 εὐνούχων
1224 2143 1375 2222 παρὰ
1405 2145 1663 2220 βασιλέϊ.
1690 2148 1803 2230 [οἱ
1842 2145 1900 2204 δὲ

301 2232 594 2306 Πηδασέες
623 2231 866 2291 οἰκέουσι
894 2231 1031 2309 ὑπὲρ
1059 2232 1533 2309 Ἀλικαρνησσοῦ·
1576 2238 1635 2294 ἐν
1664 2233 1724 2292 δὲ
1747 2237 1901 2293 τοῖσι

305 2317 632 2392 Πηδάσοισι
661 2319 914 2380 τούτοισι
948 2320 1163 2381 τοιόνδε
1191 2322 1421 2398 φέρεται
1455 2325 1691 2402 πρῆγμα
1714 2321 1899 2402 γίνεσ·

307 2406 417 2465 θαι·
448 2406 614 2467 ἐπεὰν
633 2411 786 2467 τοῖσι
813 2405 1150 2485 ἅμφικτίοσι
1171 2414 1331 2478 πᾶσι,
1354 2413 1507 2469 τοῖσι
1528 2409 1679 2486 ἀμφὶ
1696 2408 1901 2484 ταύτης

299 2492 544 2566 οἰκέουσι
575 2499 677 2571 τῆς
710 2494 928 2565 πόλιος,
956 2496 1145 2574 μέλλῃ
1170 2523 1226 2556 τι
1255 2497 1406 2560 ἐντός
1432 2495 1638 2575 χρόνου
1666 2498 1900 2558 ἔσεσθαι

298 2581 569 2658 χαλεπὸν,
610 2582 739 2642 τότε
778 2582 816 2659 ἦ
859 2609 1000 2660 ιρειη
1054 2583 1250 2646 αὐτόθι
1291 2588 1391 2659 τῆς
1430 2584 1728 2660 Ἀθηναίης
1770 2583 1900 2660 φύει

207 2669 318 2732 105
337 2697 574 2751 πωγωνα
609 2668 806 2751 μέγαν·
849 2675 1014 2731 τοῦτο
1041 2671 1100 2732 δέ
1127 2679 1241 2747 σφι
1268 2672 1350 2735 δὶς
1381 2670 1542 2747 ᾔδη’
1518 2671 1757 2752 εγένετο.
1797 2670 1899 2730 Ἐκ

295 2758 505 2819 τούτων
560 2757 628 2832 δή
681 2763 790 2819 τῶν
844 2757 1157 2834 Πηδασέων
1210 2758 1242 2818 ὅ
1293 2757 1629 2836 Ἑρμότιμος
1673 2745 1902 2842 ἤνλτῷ

295 2846 540 2927 μεγίστη
578 2847 726 2908 τίσις
764 2845 870 2923 ἤδη
912 2844 1225 2923 ἀδικηθέντι
1266 2845 1483 2926 ἐγένετο
1522 2845 1745 2908 πάντων
1789 2850 1900 2907 τῶν

298 2932 457 3010 ἡμεῖς
497 2934 670 3010 ἴδμεν·
726 2932 937 2993 σῖλόντα
977 2932 1086 3014 γσῖρ
1129 2931 1297 2993 αὖτόν
1335 2933 1446 2994 ὗπὸ
1488 2934 1773 3011 πολεμίων
1806 2934 1899 2994 καὶ

297 3019 653 3098 πωλεόμενον
693 3019 913 3080 ὠνέεται
952 3018 1277 3090 Πανιώνιος,
1320 3019 1458 3096 α’νήρ
1500 3024 1656 3090 Χῖος,
1695 3019 1757 3084 ὃς
1794 3021 1899 3096 τὴν

297 3107 431 3182 ζόην
452 3106 840 3183 κατεστήσατο
868 3105 962 3168 ἀπ’
989 3108 1164 3188 ἔργων
1188 3105 1595 3167 ἀνοσιωτάτων·
1622 3107 1761 3170 ὅκως
1783 3133 1897 3215 γαρ

298 3193 568 3268 κτήσαιτο
584 3194 784 3258 παῖδας
802 3195 1010 3258 εἴδεος’
985 3193 1349 3270 επαμμένους,
1361 3193 1655 3270 ἐκτάμνων,
1666 3193 1898 3274 α’,γινέων

297 3279 560 3338 ἐπώλεε’
533 3307 588 3342 ες
615 3281 816 3357 Σάρδις
836 3307 895 3343 τε
917 3282 1010 3340 καὶ
1018 3280 1278 3356 Ἔφεσον
1295 3278 1597 3358 χρημάτων
1612 3278 1897 3360 μεγάλων·
