2259 3500
380 158 603 225 ,ιι-13]
1014 154 1388 205 nonnum.
1891 156 1984 209 127

388 235 681 312 ἀδελφεός·
728 236 895 297 τοῦτό
938 260 1009 295 σε
1048 235 1280 313 ῥύσεται
1314 234 1526 313 μηδένα
1567 232 1727 305 ἄξιον
1770 234 1980 312 μισθὸν

386 326 595 401 λαβεῖν
629 324 802 385 ἐπέων
840 324 1107 401 ματαίων·
1152 322 1249 382 καί
1267 349 1356 383 τοι
1380 322 1586 400 ταύτην
1615 321 1720 398 τήν
1758 321 1982 400 οἷτιμίην

387 413 733 490 προστίθημι
773 412 918 473 ἐόντι
952 437 1099 471 κακω
1121 438 1185 471 τε
1212 413 1304 471 καὶ
1330 410 1540 490 ἅθιμῳ,
1567 410 1709 488 μήτε
1734 435 1980 487 συστρα-

386 499 645 561 ’τε-ὕεσθαι
684 502 812 577 ἐμοί
845 526 911 581 γε
953 500 1044 559 ἐπὶ
1082 498 1189 575 τὴν
1211 498 1467 558 Ελλάδα
1506 498 1676 559 αυτοῦ
1705 524 1766 558 τε
1796 501 1980 576 μένειν

386 586 504 665 ἅμα
530 592 665 667 τῇσι
690 590 925 669 γυναιξί·
968 587 1076 668 ἐγώ
1103 588 1163 647 δέ
1190 587 1282 647 καὶ
1309 585 1437 647 ἄνευ
1461 588 1565 648 σέο
1591 585 1807 665 ὅσαπερ
1849 586 1980 645 εἶπα

388 676 646 735 ἐπιτελέα
698 675 941 751 ποιήσω·
1010 674 1093 752 μή
1141 674 1249 757 γὰρ
1304 676 1420 751 εἴην
1475 679 1535 733 ἐκ
1590 675 1829 751 Δαρείου
1879 677 1980 733 τοῦ

385 762 755 833 Ὑστάσπεος,
799 768 899 823 τοῦ
944 762 1279 841 Ἀρσάμεος,
1315 766 1418 821 τοῦ
1449 761 1845 840 Ἀριαράμνεω,
1879 766 1981 822 τοῦ

388 852 671 922 Τεὶσπεος,
698 856 798 913 τοῦ
826 851 1035 929 Κυρου,
1062 855 1163 913 τοῦ
1191 849 1536 927 Καμβύσεω,
1564 853 1665 909 τοῦ
1693 851 1977 919 Τεΐσπεος,

388 944 487 1003 τοῦ
520 938 879 1018 Ἀχαιμένεος
918 965 1174 1033 γεγονως,
1214 964 1295 1015 μη
1337 936 1790 1015 τιμωρησάμενος
1813 937 1980 1014 Ἀθη-

389 1028 589 1090 ναίους·
633 1054 691 1087 ευ
718 1027 1099 1103 ἐπιστάμενος,
1122 1027 1210 1087 ὅτι
1238 1031 1285 1086 εἰ
1307 1024 1467 1104 ἡμεῖς
1490 1025 1733 1105 ἡσυχίην
1757 1023 1980 1101 αξομεν,

388 1113 520 1174 ἀλλ’
547 1114 644 1174 οὐκ
680 1119 875 1176 ἐκεῖνοι
909 1113 1063 1175 ἄλλα
1098 1116 1190 1175 καὶ
1221 1114 1379 1191 μάλα
1414 1112 1851 1193 στρατεύσονται
1888 1113 1982 1173 ἐπὶ

387 1202 491 1278 τήν
514 1203 803 1281 ἡμετέρην,
833 1208 881 1263 εἴ.
905 1202 1017 1283 χρὴ
1044 1200 1496 1281 σταθμώσασθαι
1520 1206 1674 1261 τοῖσι
1697 1201 1980 1283 ὑπαργμέ-

390 1314 539 1351 νοισι
567 1292 672 1361 ἐξ’
647 1292 881 1351 εκείνων·
922 1290 977 1351 οἳ
1004 1290 1204 1369 Σάρδις
1222 1315 1284 1351 τε
1305 1290 1617 1368 ἐνέπρησαν
1639 1290 1730 1349 καὶ
1755 1290 1982 1367 ἤλασαν

392 1382 447 1441 ἐς
468 1404 573 1454 την
594 1378 815 1492 ;Ασιήν.
900 1405 1072 1439 ουκων
1099 1379 1489 1457 ἐξαναχωρέειν
1516 1376 1854 1455 ουδετέροισι
1892 1378 1978 1436 δυ-

391 1470 565 1529 νατῶς
591 1469 719 1546 ἔχει,
748 1466 901 1526 ἀλλὰ
926 1468 1132 1527 ποιέειν
1157 1466 1195 1543 ἢ
1221 1467 1446 1526 παθέειν
1484 1467 1777 1543 προκέεται
1811 1465 1979 1547 οἷγῶν·

395 1554 483 1613 ἵνα
508 1552 545 1629 ἢ
571 1555 700 1614 τάδε
724 1554 907 1615 πάντα
932 1552 1041 1614 ὖπὸ
1072 1552 1410 1629 Ἕλλησι,
1374 1580 1411 1629 η
1438 1556 1618 1613 ἐκεῖνα
1656 1553 1839 1612 πάντα
1869 1579 1979 1613 υπο

394 1642 654 1719 Πέρσῃσι
695 1643 938 1722 γένηται·
978 1642 1045 1701 τό
1085 1641 1196 1723 γὰρ
1233 1641 1414 1718 μέσον
1450 1639 1606 1699 οὐδὲν
1645 1644 1746 1717 τῆς
1781 1642 1980 1719 ἔχθρης

394 1728 533 1789 ἐστί·
577 1727 750 1789 καλὸν
778 1728 850 1790 ὦν
876 1728 1333 1808 προπεπονθότας
1357 1727 1532 1805 ἤμέας
1556 1728 1840 1805 τιμωρέειν
1875 1727 1981 1805 ἤδη

390 1818 613 1898 γίνεται,
645 1818 734 1877 ἵνα
760 1820 853 1878 καὶ
877 1818 944 1879 τὰ
971 1817 1148 1878 δεινὸν
1181 1817 1248 1878 τό
1288 1818 1558 1894 πείσομαι
1591 1819 1758 1876 τοῦτο
1797 1815 1975 1892 μάθω,

391 1905 603 1970 ἐλάσας
639 1905 723 1965 ἐπ’
766 1905 966 1983 ἄνδρας
1006 1905 1249 1976 τούτους,
1289 1904 1418 1969 τούς
1459 1930 1525 1987 γε
1569 1905 1661 1962 καὶ
1699 1905 1906 1982 Πέλοψ
1946 1903 1978 1963 ὁ

390 1994 555 2072 Φρὺξ,
584 1993 684 2054 ἐῶν
723 1995 975 2072 πατέρων
998 1996 1109 2054 τῶν
1137 1999 1280 2072 ἐμῶν
1321 1994 1536 2063 δοῦλος,
1565 1994 1981 2069 κατεστρέψατο

391 2082 545 2152 οὕτω,
578 2083 649 2146 ὥς
692 2083 783 2142 καὶ
818 2088 873 2146 ἐς
912 2082 1040 2142 τόδε
1080 2081 1245 2142 αὐτοί
1277 2108 1340 2142 τε
1376 2081 1661 2158 ὥνθρωποι
1702 2081 1794 2140 καὶ
1832 2081 1870 2157 ἦ
1906 2085 1986 2162 γῆ

389 2168 567 2230 αὐτῶν
592 2171 866 2246 ἐπώνυμοι
891 2174 991 2230 τοῦ
1018 2170 1548 2248 καταστρεψαμένου
1574 2169 1916 2229 καλέονται.”

467 2261 655 2316 Ταῦτα
680 2261 784 2333 μὲν
811 2259 903 2318 ἐπὶ
927 2262 1171 2319 τοσοῦτο
1199 2259 1442 2339 ἐλέγετο·
1469 2256 1611 2333 μετὰ
1633 2257 1708 2328 δὲ,
1738 2257 1982 2336 εὐφρόνη
2003 2258 2076 2316 12

388 2369 450 2403 τε
486 2345 695 2426 ἐγίνετο
735 2346 826 2404 καὶ
860 2346 1071 2422 Ξέρξεα
1107 2347 1280 2418 ἔκνιζε
1307 2345 1347 2422 ἤ
1379 2345 1736 2423 Ἀρταβάνου
1769 2345 1981 2428 γνώμη·

390 2433 543 2490 νυκτὶ
568 2431 626 2490 δὲ
650 2431 872 2508 βουλήν
899 2433 1093 2504 ὃιδοῦς,
1112 2433 1307 2515 πάγχυ
1333 2433 1555 2511 εὕρισκέ
1574 2437 1632 2493 οἷ
1659 2433 1722 2493 οὐ
1749 2438 1985 2512 πρῆγμα

392 2519 529 2578 εἶναι
556 2519 960 2598 στρατεύεσθαι
988 2523 1078 2580 ἐπὶ
1102 2522 1207 2597 τὴν
1239 2521 1510 2581 Ἑλλάδα·
1553 2521 1892 2604 δεδογμένων
1925 2522 1989 2582 δέ

392 2610 445 2665 οἱ
472 2606 623 2670 αὖτις
647 2608 870 2679 τούτων,
912 2609 1255 2670 κατύπνωσε·
1299 2610 1390 2668 καὶ
1426 2610 1496 2685 δή
1522 2635 1621 2669 κου
1650 2616 1708 2669 ἐν
1732 2615 1803 2688 τῇ
1831 2611 1984 2670 νυκτὶ

391 2694 499 2752 εἶδε
517 2693 649 2773 ὄψιν
673 2696 907 2771 τοιήνδε,
936 2696 1007 2761 οἷς
1033 2699 1258 2779 λέγεται
1283 2696 1394 2757 ὖπὸ
1421 2699 1706 2776 Περσέων·
1750 2696 1931 2756 ἐδόκεε
1951 2697 1983 2757 ὁ

384 2783 599 2860 ’Ξέρξης
650 2783 819 2861 ἄνδρα
867 2788 920 2844 οἶ
963 2785 1266 2845 ἐπιστάντα
1318 2786 1496 2866 μέγαν
1540 2811 1602 2846 τε
1648 2785 1740 2844 καὶ
1781 2783 1986 2843 εὐειδέα

391 2875 581 2932 εἰπεῖν·
631 2883 665 2908 “
680 2872 824 2949 μετοὶ
858 2871 926 2947 δὴ
962 2873 1280 2950 βουλεύεαι,
1317 2873 1359 2931 ὦ
1399 2875 1616 2950 Πέρσα,
1658 2871 1979 2948 στράτευμα

388 2959 470 3036 μή
498 2959 653 3041 ἄγειν
680 2962 771 3018 ἐπὶ
794 2960 898 3038 τήν
922 2959 1196 3031 Ἐλλάδα,
1223 2961 1493 3038 προείπας
1518 2961 1729 3031 ἁλίζειν
1755 2959 1988 3036 Πέρσας

392 3046 658 3124 στρατόν;
730 3045 856 3107 οὔτε
912 3048 986 3107 ὧν
1033 3047 1586 3127 μεταβουλευόμενος
1649 3047 1853 3109 ποιέεις
1909 3046 1984 3116 εὖ,

390 3159 518 3195 ουτε
564 3163 593 3195 ο
638 3134 1101 3216 συγγνωσόμενός
1140 3162 1228 3196 τοι
1267 3133 1436 3211 ποῖρα·
1480 3133 1627 3204 ἀλλ’,
1659 3133 1847 3210 ὥσπερ
1887 3139 1988 3209 τῆς

1876 3225 1902 3240 Α
1954 3219 1986 3240 ’D

388 3222 596 3302 ἡμέρης
638 3222 993 3301 ἐβουλεύσαο
1031 3225 1252 3297 ποιέειν,
1295 3221 1533 3297 ταύτην
1519 3222 1616 3281 ἴθι
1649 3225 1760 3281 τῶν
1796 3221 1953 3281 ὁδων.

389 3312 503 3374 Τον
512 3315 636 3392 μὲν,
653 3315 831 3372 ταῦτα
850 3311 1101 3381 εἴπαντα,
1122 3309 1356 3370 ἐδόκεε“
1324 3335 1356 3367 ο
1375 3308 1586 3384 Ξέρξης
1605 3307 2012 3368 ἀποπτάσθαι·
