2259 3500
335 153 550 218 79—82]
948 153 1325 203 KAAAIOHH.
1835 156 1934 204 319

334 234 526 298 κλίνας
555 258 619 294 τε
651 230 988 312 ἐπιχρύσους
1030 233 1122 292 καὶ
1166 231 1522 313 ἐπαργύρους,
1564 232 1838 310 κρητῆράς
1870 257 1935 294 τε

331 322 622 400 χρυσέους,
653 320 744 378 καὶ
781 319 992 396 φιάλας
1020 346 1085 382 τε
1124 321 1218 379 καὶ
1253 319 1408 379 ἄλλα
1440 320 1755 397 ἐκπώματα·
1797 320 1934 380 σάκ·

333 435 462 473 κους
515 435 576 468 τε
633 406 734 467 ἐπ’,
763 407 1014 484 ἁμαξέων
1069 408 1341 484 εὕρισκον,
1398 413 1463 490 ἐν.
1500 411 1652 470 τοῖσι
1696 411 1935 485 λέβητες

334 500 630 573 ἐφαίνοντο
658 495 897 559 ἐνεόντες
923 498 1162 576 χρύσεοί
1193 522 1255 556 τε
1290 498 1383 556 καὶ
1419 496 1695 578 ἀργύρεοι·
1737 495 1851 557 οἷπό
1874 523 1935 557 τε

332 589 443 647 τῶν
471 585 728 660 κειμένων
756 587 960 660 νεκρῶν
988 584 1291 644 ἐσκύλευον
1318 583 1491 662 ψέλιά
1520 610 1583 643 τε
1610 585 1701 643 καὶ
1732 611 1933 662 στρεπ·

332 672 474 745 τούς,
533 673 625 732 καὶ
675 671 805 734 τούς
858 670 1162 741 οἷκινάκεας,
1219 670 1407 734 ἐόντας
1459 672 1749 750 χρυσέους·
1818 673 1939 738 ἐπεὶ

334 760 575 836 ἐσθῆτός
615 785 682 841 γε
721 761 979 835 ποικίλης
1019 759 1195 840 λόγος
1248 760 1457 839 ἐγίνετο
1499 759 1625 819 οὐδὲ
1678 760 1773 824 εἷς.
1856 764 1938 820 ἐν·

337 849 514 907 θαῧτα
561 846 755 907 -ιι-ολλιί1
791 849 904 922 ιμὲν
951 848 1283 909 κλέπτοντες
1330 846 1575 906 ἐπώλεον
1620 846 1761 924 πρός
1808 846 1941 911 τοῦς

335 935 635 1016 Αἰγινήτας
678 937 732 993 οἷ
773 935 1008 1004 εἵλωτες,
1049 934 1247 993 πολλὰ
1292 934 1353 993 δὲ
1394 935 1485 993 καὶ
1524 934 1937 1005 ἀπεδείκνυσαν,

333 1021 448 1082 ὅσα
475 1022 681 1082 αὐτέων
708 1021 808 1081 οὖκ
841 1021 932 1081 οἷά
967 1048 1030 1082 τε
1061 1020 1132 1097 ἦν
1169 1021 1391 1099 κρύψαι·
1434 1021 1580 1082 ὥστε
1606 1021 1939 1103 Αἰγινήτῃσι

336 1113 390 1169 οἱ
415 1110 656 1190 μεγάλοι
687 1113 924 1170 πλοῦτοι
962 1109 1144 1187 ἀρχὴν
1170 1111 1429 1170 ’ἐνθεῦτεν
1466 1110 1735 1190 ἐγένοντο,
1764 1109 1817 1170 οἳ
1840 1109 1941 1170 τδν

333 1197 566 1276 χρυσόν,
589 1197 695 1270 ,ἅτε
721 1197 882 1257 ἐόντα
908 1195 1131 1276 χαλκδν
1159 1197 1339 1272 δῆθεν,
1362 1197 1515 1276 παρὰ
1539 1201 1649 1258 τῶν
1676 1198 1941 1257 εἱλωτέων

335 1284 584 1347 ὠνέοντο.
671 1285 1152 1364 Συμφορήσαντες
1179 1284 1238 1343 δὲ
1264 1287 1334 1344 τὰ
1361 1286 1641 1364 χρήματα,
1670 1287 1761 1345 καὶ
1788 1285 1941 1345 δεκά·
1957 1287 2031 1345 81

333 1398 436 1448 την
464 1373 744 1442 ἐξελόντες
776 1377 854 1452 τῷ
890 1378 948 1432 ἐν
977 1375 1267 1447 Δελφοῖσι
1296 1373 1417 1450 θεῷ,
1444 1373 1540 1432 ἀπ’
1567 1371 1635 1450 ἧς
1660 1373 1692 1432 ὁ
1716 1374 1939 1449 τρίπους

338 1458 370 1517 ὁ
403 1459 642 1538 χρύσεος
674 1459 919 1536 ἀνετέθη,
949 1461 982 1520 ὁ
1021 1459 1111 1518 ἐπὶ
1146 1462 1247 1519 τοῦ
1286 1459 1615 1536 τρικαρήνου
1646 1459 1810 1536 ὄφιος
1834 1465 1937 1520 τοῦ

336 1548 582 1625 χαλκέου
626 1547 896 1610 ἐπεστεως
937 1546 1188 1628 ἄγχιστα
1227 1550 1329 1607 τοῦ
1366 1547 1586 1623 βωμοῦ·
1636 1547 1727 1606 καὶ
1766 1550 1843 1626 τῷ
1880 1553 1944 1607 ἐν

335 1631 624 1712 Ὀλυμπίῃ
659 1635 764 1713 θεῷ
799 1633 1163 1705 ἐξελόντες,’
1127 1632 1223 1693 απ’
1248 1631 1315 1709 ἧς
1350 1633 1665 1714 δεκάπηχυν
1697 1633 1943 1713 χάλκεον

339 1722 453 1781 Δία
489 1721 778 1798 ἀνέθηκαν·
823 1723 915 1781 καὶ
950 1726 1028 1802 τῷ
1063 1729 1121 1783 ἐν
1156 1721 1369 1801 Ἰσθμῷ
1405 1721 1589 1829 O‘Q’:
1555 1721 1648 1782 απ’
1674 1718 1741 1797 ἧς
1778 1747 1941 1782 επτα-

337 1836 518 1889 πηχυς
531 1810 774 1889 χάλκεος
788 1811 1108 1871 Ποσειδέων
1125 1810 1419 1893 ἐξεγένετο·
1447 1814 1624 1870 ταῦτα
1644 1810 1939 1881 ἐξελόντες,

337 1897 408 1957 vd
444 1898 620 1957 λοιπὰ.
661 1899 982 1976 διαιρέοντο,
1017 1899 1109 1957 καὶ
1147 1901 1373 1975 ἔλαβον
1398 1899 1625 1959 ἔκαστοι
1649 1901 1759 1959 τῶν
1794 1897 1941 1967 ἄξιοι

336 1984 502 2061 ἦσαν,
551 1987 644 2046 καὶ
697 1987 796 2051 τὰς
848 1986 1149 2050 παλλακὰς
1199 1991 1311 2047 τῶν
1361 1990 1643 2065 Περσέων,
1700 1986 1791 2045 καὶ
1840 1988 1941 2050 τόν

335 2076 567 2153 χρυσὸν,
597 2076 688 2135 καὶ
713 2075 812 2138 τᾶν
850 2074 1108 2157 ἄργυρον,
1150 2076 1243 2134 καὶ
1279 2072 1433 2135 ἄλλα
1461 2075 1723 2154 χρήματά
1758 2101 1820 2135 τε
1846 2076 1940 2135 καὶ

336 2161 620 2243 ὖποζύγια.
708 2162 822 2222 ὅσα
847 2165 951 2239 μέν
977 2188 1076 2222 νυν
1107 2163 1358 2240 ἐξαίρετα
1387 2166 1541 2223 τοῖσι
1568 2161 1939 2241 ἀριστεύσασι

339 2248 542 2309 αὐτέων
571 2254 630 2308 ἐν
662 2254 998 2327 Πλαταιῇσι
1030 2248 1211 2323 ἐδόθη,
1243 2248 1307 2307 οὗ
1348 2251 1573 2329 λέγεται
1603 2250 1743 2329 πρός
1783 2250 1939 2311 οὖδα-

337 2338 475 2410 μῶν·
505 2334 674 2393 δοκέω
701 2334 746 2393 δ’
768 2337 940 2415 ἔγωγε
967 2335 1058 2393 καὶ
1085 2334 1337 2392 τούτοισι
1364 2334 1610 2410 δοθῆναι·
1640 2340 1939 2419 Παυσανίῃ

340 2420 400 2479 δὲ
419 2420 600 2480 πάντα
621 2421 753 2479 δέκα
775 2422 1032 2499 ἐξαιρέθη
1055 2444 1119 2481 τε
1147 2420 1239 2478 καὶ
1266 2419 1447 2495 ἐδόθη,
1468 2426 1735 2502 γυναῖκες,
1760 2426 1937 2497 ἵπποι,

339 2507 602 2579 τάλαντα,
647 2506 905 2586 καμηλοι,
949 2534 1020 2573 ως
1059 2508 1118 2567 δὲ
1160 2506 1333 2571 αὔτως
1373 2508 1465 2566 καὶ
1502 2534 1575 2568 τα
1614 2507 1768 2569 ἄλλα
1806 2513 1943 2590 χρή-

339 2620 508 2671 ματα.
590 2598 830 2677 Λέγεται
870 2596 929 2655 δὲ
984 2596 1076 2655 καὶ
1113 2594 1247 2655 ταδε
1285 2596 1567 2677 γενέσθαι·
1621 2622 1693 2660 ως
1731 2598 1941 2707 Ξέρξης
1956 2602 2031 2660 82

341 2682 614 2765 φευγων’
588 2711 648 2744 εκ
683 2688 783 2761 τῆς
812 2682 1091 2749 Ελλάδος
1127 2684 1423 2764 Μαρδονίω
1459 2684 1565 2761 τήν
1596 2685 1943 2761 κατασκευην

341 2774 643 2831 καταλίποι
680 2771 784 2848 τὴν
825 2776 1044 2833 ἑωυτοῦ·
1088 2772 1493 2849 Παυσανίην’
1453 2799 1540 2846 ων,
1570 2772 1799 2850 ορέοντα
1837 2772 1945 2849 τήν

341 2860 664 2936 Μαρδονίου
717 2859 1066 2937 κατασκευὴν
1109 2864 1305 2941 χρυσῷ
1354 2886 1418 2921 τε
1458 2860 1551 2919 καὶ
1590 2859 1807 2942 οἷργῦρω
1848 2861 1941 2920 καὶ

343 2948 822 3027 παραπετάσμασι
847 2950 1161 3009 ποικίλοισι
1188 2948 1730 3025 κατασκευασμένην,
1757 2951 1943 3007 κελεῦ-

343 3060 443 3095 σαι
479 3036 610 3100 τούς
648 3064 710 3097 τε
749 3036 1094 3115 ἀρτοκόπους
1131 3035 1224 3095 καὶ
1276 3035 1405 3099 τοῦς
1449 3035 1753 3115 ὀψοποιοὺς
1799 3034 1941 3095 κατᾶ.

342 3123 516 3184 ταῦτοῖ
557 3125 737 3189 καθως
774 3126 1072 3205 Μαρδονίω
1113 3125 1335 3185 δεῖπνον
1372 3123 1829 3200 παρασκευάζειν·
1870 3149 1943 3187 ως

343 3212 403 3271 δὲ
459 3214 810 3292 κελευόμενοι
862 3240 1018 3275 ουτοι
1060 3214 1277 3275 ἐποίευν
1321 3216 1510 3320 ταῦτα,
1558 3212 1793 3273 ἐνθαῦτα
1837 3210 1937 3271 τόν

346 3302 693 3380 Παυσανίην,
725 3301 912 3364 ἰδόντα
943 3301 1136 3363 κλίνας
1163 3324 1225 3361 τε
1259 3298 1509 3379 χρυσέας
1542 3299 1635 3359 καὶ
1673 3298 1943 3377 α’ργυρέας
