2259 3500
633 49 657 62 ο,

367 137 430 186 10
977 137 1346 186 ἭΡοΔοτοΤ
1868 138 1962 206 [V.

363 213 564 291 ὅμιλός
591 239 656 275 τε
684 213 908 278 πολλός
940 217 1044 291 μὲν
1059 213 1285 290 Ἕλλην
1314 215 1607 292 περιοικέει
1636 217 1859 282 πολλὰς
1898 220 1961 280 δὲ

361 301 678 380 βάρβαρος,
719 301 776 362 οἳ
813 302 1142 379 προστάτεω
1184 303 1605 380 ἐπιλαβόμενοι,
1648 307 1959 384 ποιήσουσι

361 395 529 451 τοῦτο
563 392 631 452 τὸ
659 389 728 451 ἂν
755 395 932 454 κεῖνος
959 391 1251 472 ἐξηγέηται
1277 392 1369 451 καὶ
1392 393 1602 470 ἡμέρης
1630 397 1721 454 καὶ
1748 397 1961 462 νυκτός·

361 477 438 539 σύ
463 505 560 540 νυν
583 483 783 540 τοῦτον
806 478 908 540 τὸν
927 478 1100 556 ἄνδρα
1117 482 1539 548 παῦσονταῦτα
1563 486 1841 555 ποιεῦντα,
1872 487 1962 546 ἵνα

357 565 440 644 μὴ
473 569 660 647 οἰκηίῳ
697 568 928 648 πολέμῳ
953 567 1260 647 συνέχηαι·
1304 567 1494 648 τρόπῳ
1526 569 1585 628 δὲ
1618 569 1765 650 ήπίῳ
1794 598 1959 648 μετα-

358 655 720 734 πεμψάμενος
781 660 1022 716 παῦσον·
1079 655 1249 716 ε’πεοῖν
1296 657 1357 716 δὲ
1396 655 1564 718 αὖτόν
1625 659 1958 740 περιλάβῃς,

358 745 566 804 ποιέειν
607 743 745 808 ὅκως
785 745 984 822 μηκέτι
1024 748 1200 808 κεῖνος
1236 749 1292 807 ε’ς
1321 744 1613 822 Ἕλληνας
1652 745 1959 817 άπίξεταιῗ

262 833 340 891 24
358 836 548 892 Ταῦτα
573 832 812 914 λέγωνο
779 860 809 893 ο
839 831 1186 912 Μεγάβαζος
1206 831 1470 896 εὐπετέως
1498 834 1680 895 ἔπειθε
1699 839 1957 913 Δαρεῖον,

353 919 428 983 ὥς
475 947 534 980 ευ
588 922 870 999 προορέων
919 919 986 980 vd
1038 922 1259 996 μέλλον
1308 923 1580 1003 γίνεσθαι.
1679 923 1823 1001 μετὰ
1878 925 1954 996 δὲ,

357 1007 603 1089 αγγελον
636 1010 864 1087 πέμψας
897 1035 928 1068 ο
963 1012 1263 1086 Δαρεῖος’
1237 1035 1292 1072 ες
1330 1009 1433 1085 τὴν
1473 1009 1760 1087 Μύρκινον
1800 1013 1959 1093 ἔλεγε

355 1097 505 1155 τάδε·
553 1107 588 1132 “
602 1096 850 1170 Ἱστιαῖε,
890 1097 1168 1172 βασιλεῦς
1203 1102 1443 1174 Δαρεῖος
1467 1097 1599 1158 τάδε
1625 1099 1799 1180 λέγει·
1850 1101 1959 1181 ε’γῶ

357 1185 664 1260 φροντίζων
681 1183 917 1261 εὖρίσκω
937 1185 1068 1260 ε’μοί
1079 1211 1143 1243 τε
1165 1186 1257 1243 καὶ
1276 1190 1429 1245 τοῖσι
1449 1189 1639 1263 ἐμοῖσι
1657 1185 1958 1268 πρήγμασι

354 1271 548 1332 οὐδένα
590 1271 728 1332 εἶναι
767 1275 872 1332 σεῦ
911 1271 1082 1349 ἄνδρα
1124 1271 1498 1350 εὐνοέστερον·
1558 1278 1725 1344 τοῦτο
1780 1275 1839 1334 δὲ
1892 1275 1957 1334 οὔ

352 1358 599 1441 λόγοισι,
628 1358 759 1418 ἀλλ’
787 1360 1003 1440 ἔργοισι
1041 1359 1166 1419 οἶδα
1191 1361 1402 1436 μαθών.
1485 1365 1582 1422 νῦν
1610 1361 1699 1432 ὧν,
1729 1363 1957 1423 ἐπινοέω

351 1446 460 1528 γὰρ
485 1449 791 1528 πρήγματα
816 1447 1042 1530 μεγάλα
1079 1447 1555 1529 κατεργάσασθαι,
1594 1449 1823 1510 α’,πικνέο
1858 1477 1957 1527 μοι

351 1535 587 1606 πάντως,
631 1535 720 1596 ἵνα
758 1562 846 1596 τοι
884 1535 1024 1596 αὐτοὶ
1065 1535 1469 1614 ὖπερθέωμαι·”
1514 1536 1771 1600 τούτοισι
1801 1543 1957 1598 τοῖσι

351 1623 512 1684 ἔπεσι
551 1623 860 1687 πιστεύσας
899 1623 932 1684 ό
971 1623 1254 1695 Ἱστιαῖος,
1293 1625 1386 1683 καὶ
1426 1622 1545 1702 ἅμα
1583 1626 1731 1707 μέγα
1771 1626 1954 1685 ποιεύ-

349 1736 514 1790 μενος
538 1713 818 1789 βασιλέος
843 1711 1179 1791 σῦμβουλος
1205 1713 1487 1795 γενέσθαι,
1516 1711 1748 1774 ἀπίκετο
1776 1719 1832 1777 ἐς
1857 1713 1956 1778 τοῖς

349 1801 569 1879 Σάρδις·
612 1800 928 1879 ἀπικομένῳ
966 1801 1028 1860 δέ
1061 1804 1116 1859 οἶ
1146 1802 1305 1881 ἔλεγε
1332 1804 1571 1876 Δαρεῖος
1594 1800 1746 1859 τάδε·
1788 1810 1824 1836 “
1839 1800 1955 1859 Ἱσ-

345 1894 506 1958 τιαῖε,
540 1888 648 1970 ἐγώ
682 1914 752 1947 σε
782 1887 1227 1963 μετεπεμψάμην
1264 1887 1435 1946 τῶνδε
1470 1886 1689 1946 εἵνεκεν·
1738 1888 1864 1946 ἐπεί
1890 1914 1955 1948 τε

349 1974 596 2052 τάχιστα
633 1973 918 2048 ἐνόστησα
954 1972 1069 2032 οἷπὸ
1105 1972 1359 2035 Σκυθέων
1392 1973 1485 2031 καὶ
1520 1972 1595 2031 σύ
1635 1998 1735 2048 μοι
1769 1975 1953 2055 ἐγένεο

352 2062 416 2131 ἐξ
439 2061 771 2138 ὀφθαλμῶν,
802 2059 958 2120 οὐδέν
986 2086 1064 2119 κω
1089 2058 1240 2119 ἄλλο
1264 2064 1461 2139 χρῆμα
1488 2057 1630 2122 οὕτω
1658 2065 1716 2120 ἐν
1740 2062 1955 2140 βραχέῖ

347 2147 664 2223 ἐπεζήτησα
692 2148 762 2211 ὦς
787 2150 857 2206 σὲ
887 2147 1046 2207 ἰδέειν
1070 2173 1134 2207 τε
1161 2148 1253 2206 καὶ
1280 2152 1335 2211 ἐς
1360 2147 1567 2229 λόγους
1592 2174 1693 2224 μοι
1720 2147 1955 2209 άπικέσ-

348 2237 461 2296 θαι·
505 2234 748 2316 ε’γνωκῶς
773 2234 860 2295 ὅτι
888 2235 1183 2312 κτημάτων
1214 2234 1436 2295 πάντων
1462 2236 1590 2295 ἐστὶ
1619 2235 1952 2313 τιμιώτατον

345 2322 487 2401 οἷνηρ
529 2325 700 2401 φίλος
741 2323 971 2388 συνετός
1005 2350 1069 2384 τε
1106 2324 1201 2383 καὶ
1234 2349 1437 2387 ευνοος·
1483 2324 1556 2384 τά
1585 2350 1675 2385 τοι
1711 2324 1819 2406 ε’γω
1860 2326 1952 2385 καὶ

343 2411 638 2489 ἀμφότερα
673 2412 935 2475 συνειδως
969 2413 1078 2491 ἔχω
1111 2412 1437 2489 μαρτυρέειν
1463 2417 1519 2475 ἐς
1545 2410 1851 2494 πρήγματα
1876 2438 1949 2472 τα

345 2500 472 2577 ἐμά.
555 2503 653 2561 νῦν
679 2499 769 2570 ὧν,
798 2526 856 2559 ευ
883 2499 993 2582 γὰρ
1021 2502 1295 2576 ἐποίησας
1321 2500 1673 2577 ἀπικόμενος,
1699 2500 1835 2561 τάδε
1859 2526 1952 2560 τοι

345 2587 454 2669 ἐγώ
469 2589 847 2665 προτείνομαι·
880 2589 1144 2663 Μίλητον
1169 2590 1272 2664 μὲν
1298 2588 1361 2647 ἔα
1387 2588 1481 2647 καὶ
1505 2613 1608 2663 την
1628 2587 1951 2648 νεόκτιστον

345 2681 403 2736 ἐν
429 2677 642 2756 Θρηίκῃ
667 2676 856 2737 πόλιν·
899 2675 974 2735 m)
1003 2676 1048 2735 δ’
1077 2676 1203 2753 ε’μοὶ
1240 2674 1505 2752 ἑπόμενος
1530 2679 1587 2738 ἐς
1613 2676 1827 2745 Σοῦσα,
1857 2676 1951 2753 ἔχε

346 2763 523 2842 τάπερ
565 2762 634 2823 ἂν
665 2762 774 2845 ε’γῶ
810 2766 935 2843 ἔχω,
965 2763 1096 2842 ε’μός
1131 2788 1195 2824 τε
1227 2761 1505 2826 σύσσιτος
1541 2761 1646 2822 ε’ὢν
1679 2761 1771 2820 καὶ
1806 2762 1949 2840 σύμ-

247 2853 324 2911 25
348 2849 614 2927 βουλος.”
695 2855 885 2912 Ταῦτα
930 2854 1172 2929 Δαρεῖος
1214 2851 1385 2921 εἶπας,
1440 2851 1533 2911 καὶ
1587 2849 1951 2928 καταστήσας

340 2937 723 3017 Ἀρταφέρνεα
758 2938 1041 3018 ἀδελφεὸν
1078 2941 1283 2999 ἑωυτοῦ
1321 2937 1668 3016 ὁμοπάτριον
1694 2937 1949 3017 ὕπαρχον

342 3026 482 3087 εἶναι
523 3028 788 3105 Σαρδίων,
831 3028 1122 3103 άπ-ήλαυνε
1166 3032 1220 3090 ἔς
1262 3028 1473 3098 Σοῦσα,
1516 3026 1633 3105 ἅμα
1674 3025 1948 3107 ἀγόμενος

338 3114 609 3178 Ἱστιαῖον
632 3116 872 3177 Ὀτάνεα
909 3118 968 3179 δὲ
1004 3115 1279 3187 ἀποδέξας
1316 3116 1636 3198 στρατηγόν
1674 3114 1812 3176 εἶναι
1836 3117 1948 3174 τῶν

341 3207 827 3281 παραθαλασσίων
863 3205 1094 3285 ἀνδρῶν·
1136 3209 1238 3268 τοῦ
1272 3204 1372 3267 τόν
1400 3207 1617 3284 πατέρα
1654 3200 1947 3279 Σισάμνην

335 3289 624 3359 βασιλεῦς
656 3292 984 3371 Καμβύσης
1017 3292 1318 3374 γενόμενον
1346 3298 1457 3357 τῶν
1490 3289 1832 3372 βασιληΐων,
1868 3286 1945 3346 δ’·-
