2259 3500
279 141 346 190 82
900 137 1269 187 ἮΡοΔοΤοτ
1756 134 1879 201 [v1.

277 216 389 298 γὰρ
422 215 864 300 συνεγινώσκετο
889 213 1056 279 αὗτός
1080 213 1289 275 τούτων
1316 213 1455 274 εἶναι
1472 213 1663 288 αἴτιος,
1686 217 1885 296 γαμέει

279 305 473 381 τρίτην
515 307 770 386 γυναῖκα·
825 301 929 363 ὦδε
970 303 1031 362 δὲ
1071 303 1290 384 γαμέει·
1342 300 1413 378 ἦν
1459 305 1513 362 οἶ
1560 303 1731 379 φιλας
1775 307 1885 366 τῶν

284 392 674 470 Σπαρτιητέων
717 390 874 470 ἀνὴρ,
909 395 988 470 τῷ
1026 391 1368 469 προσεκέετο
1410 394 1521 451 τῶν
1556 389 1746 451 οἶστῶν
1778 393 1885 468 μά-

281 483 458 541 λιστα
493 479 527 539 ὅ
562 479 855 557 Ἀρίστων·
895 478 1074 558 τούτῳ
1104 483 1182 559 τῷ
1217 477 1371 555 ἀνδρὶ
1410 477 1677 558 ἐτύγχανε
1712 483 1883 540 ἐοῦσα

281 567 420 649 γυνὴ
448 568 734 644 καλλίστη
757 571 950 646 μακρῷ
973 571 1083 627 τῶν
1111 571 1171 626 ἐν
1197 565 1433 645 Σπάρτῃ
1456 569 1749 646 γυναικῶν·
1791 569 1886 627 καὶ

281 661 458 717 ταῦτα
481 656 673 734 μέντοι
700 655 984 732 καλλίστη
1011 655 1075 725 ἐξ
1103 655 1407 732 αἰσχίστης
1431 655 1723 734 γενομένη·
1767 660 1885 715 ἐοῦ-

281 769 394 805 σαν
425 743 536 826 γάρ
571 769 670 821 μιν
702 742 770 804 va
808 742 950 806 εἶδος
983 742 1246 819 φλαύρην
1270 741 1310 817 ἦ
1335 740 1550 818 τροφός
1578 739 1763 817 αύτῆς,
1793 742 1884 802 οἶα

283 831 582 910 ἀνθρώπων
605 857 668 893 τε
693 830 910 907 ὀλβίων
942 831 1221 912 θυγατέρα
1248 830 1340 888 καὶ
1367 829 1621 888 δυσειδέα
1662 830 1884 900 ἐοῦσαν,

281 919 422 994 πρὸς
448 922 508 981 δὲ
537 921 629 980 καὶ
655 919 900 998 ὄρέουσα
935 918 1066 983 τούς
1088 919 1287 1000 γονέας
1318 917 1624 995 συμφορὴν
1647 916 1713 978 τό
1742 917 1885 983 εἶδος

283 1008 452 1085 αὐτῆς
483 1009 857 1086 ποιευμένους,
883 1011 1060 1068 ταῦτα
1096 1009 1307 1066 ἕκαστα
1338 1005 1618 1083 μαθοῦσα,
1650 1005 1885 1083 ἐπιφράι

285 1097 436 1166 ζεται
479 1095 684 1156 τοιάδε·
727 1094 926 1172 ἐφόρεε
970 1094 1144 1169 αὐτὴν
1192 1093 1299 1154 <imi
1344 1097 1538 1152 πᾶσαν
1584 1091 1794 1170 ἡμέρην
1829 1098 1885 1158 ἐς

279 1183 348 1243 τό
383 1187 484 1258 τῆς
507 1182 742 1258 Ἑλένης
785 1181 921 1258 ἱρόν·
960 1181 1029 1242 τό
1066 1180 1112 1240 δ’
1142 1182 1265 1241 ἔστι
1301 1185 1361 1241 ἐν
1394 1183 1467 1258 τῇ
1494 1179 1754 1257 Θεράπνῃ
1790 1207 1884 1240 κα-

277 1272 520 1350 λευμένῃ
544 1270 748 1347 ὕπερθε
773 1272 874 1329 τοῦ
900 1269 1176 1345 Φοιβηίου
1204 1271 1345 1346 ἱροῦ.
1413 1268 1552 1331 ὅκως
1580 1268 1641 1326 δὲ
1666 1269 1884 1329 ἐνείκειε

281 1357 321 1434 ἤ
352 1357 583 1436 τροφός,
610 1357 750 1435 πρός
789 1382 852 1417 τε
885 1356 1161 1438 τῶγαλμα
1190 1357 1325 1416 ἵστα
1352 1356 1443 1414 καὶ
1472 1357 1741 1416 ἐλίσσετο
1780 1356 1885 1433 τὴν

282 1444 412 1507 θεὸν
443 1445 770 1515 ἀπαλλάξαι
799 1449 900 1521 τῆς
937 1445 1293 1522 δυσμορφίης
1315 1444 1383 1504 τὸ
1416 1443 1655 1504 παιδίον·
1698 1445 1789 1503 καὶ
1814 1444 1885 1522 δή

283 1559 412 1594 κοτε
438 1533 684 1614 ἀπιούσῃ
713 1538 774 1593 ἐκ
798 1537 899 1593 τοῦ
929 1536 1053 1610 ἱροῦ
1079 1537 1153 1612 τῇ
1177 1535 1373 1611 τροφῷ
1396 1534 1632 1613 γυναῖκα
1658 1533 1885 1612 λέγεται

281 1627 634 1700 ἐπιφανῆναι,
663 1625 1034 1698 ἐπιφανεῖσαν
1075 1621 1136 1680 δὲ
1172 1620 1501 1697 ἐπείρεσθαί
1519 1645 1617 1695 μιν
1643 1618 1675 1678 ὅ
1701 1645 1757 1678 τι
1786 1621 1884 1695 φέ-

278 1737 364 1789 ρει
385 1716 442 1773 ἐν
459 1715 531 1791 τῇ
551 1709 772 1792 ἀγκάλῃ
782 1736 798 1781 ;
845 1710 936 1770 καὶ
960 1709 1064 1787 τήν
1084 1709 1307 1787 φράσαι
1335 1708 1405 1773 ὥς
1430 1707 1651 1768 παιδίον
1672 1710 1883 1786 φορέει·

283 1800 387 1876 τήν
423 1800 482 1861 δὲ
509 1780 779 1860 κελεῦσαί
801 1802 855 1859 οἳ
892 1799 1084 1869 δεῖξαι·
1125 1797 1231 1874 τήν
1258 1797 1317 1857 δὲ
1344 1796 1409 1857 ού
1438 1795 1628 1872 φάναι,
1658 1794 1885 1874 οἷπειρῆ-

279 1889 421 1948 σθαι
449 1888 560 1969 γάρ
587 1891 641 1947 οἱ
668 1892 728 1947 ἐκ
754 1891 865 1947 τῷν
888 1886 1226 1967 γειναμένων
1264 1885 1459 1963 μηδενὶ
1500 1884 1885 1944 ἐπιδεικνύναι·

279 1974 384 2051 τὴν
425 1976 485 2034 δὲ
524 1975 742 2037 πάντως
777 1977 949 2053 ἑωυτῇ
977 1972 1221 2033 κελεύειν
1248 1973 1531 2043 ἐπιδεῖξαι·
1576 1971 1799 2048 ὁρῶσαν
1824 1972 1887 2033 δὲ

273 2062 384 2143 Τήν
417 2066 653 2142 γυναῖκα
692 2063 822 2139 περὶ
860 2065 1086 2121 πολλοῦ
1125 2062 1457 2137 ποιευμένην
1493 2060 1710 2120 ἰδέσθαι
1743 2058 1887 2121 οὕτω

279 2149 348 2226 δή
374 2149 477 2226 τήν
503 2150 719 2227 τροφὸν
745 2150 919 2219 δεῖξαι
944 2149 1010 2208 vd
1037 2150 1281 2209 παιδίον·
1322 2148 1427 2225 τὴν
1454 2149 1514 2208 δὲ
1542 2152 1887 2226 καταψῶσαν

279 2241 381 2297 τοῦ
427 2238 649 2297 παιδίου
695 2236 798 2313 τήν
845 2236 1102 2313 κεφαλὴν
1151 2236 1318 2308 εἶπαι,
1367 2236 1439 2301 ὥς
1484 2236 1885 2297 καλλιστεύσει

279 2326 505 2386 πασέων
527 2329 640 2386 τῷν
665 2330 725 2386 ἐν
751 2324 986 2404 Σπάρτῃ
1009 2330 1295 2407 γυναικῶν.
1384 2323 1499 2384 ἅπὸ
1526 2327 1631 2401 μὲν
1658 2323 1727 2400 δὴ
1754 2324 1885 2384 ταύ-

279 2439 380 2488 της
412 2417 514 2489 τῆς
548 2413 758 2492 ’ἡμέρης
791 2414 1158 2491 μεταπεσέειν
1196 2412 1264 2473 τό
1303 2412 1464 2476 εἶδος·
1504 2413 1703 2493 γαμέει
1730 2413 1789 2471 δὲ
1815 2413 1885 2489 δή

278 2527 375 2578 μιν
403 2506 457 2565 ἐς
482 2501 668 2583 γάμου
696 2502 842 2579 ὥρην
867 2500 1211 2579 ἀπικομένην
1233 2500 1483 2581 Ἄγητος
1508 2499 1539 2560 ὁ
1565 2498 1884 2571 Ἀλκείδεω,

185 2592 260 2649 62
281 2587 441 2652 οὗτος
461 2588 530 2665 δὴ
559 2588 592 2649 ὁ
609 2593 710 2649 τοῦ
735 2588 1068 2667 Ἀρίστωνος
1090 2591 1281 2665 φίλος.
1351 2587 1463 2648 Τόν
1486 2588 1545 2647 δὲ
1569 2586 1884 2666 Ἀρίστωνα

283 2678 454 2749 ἔκνιζε
495 2675 603 2754 ἄρα
634 2682 738 2754 »τῆς
771 2677 1031 2758 γυναικὸς
1064 2676 1271 2753 ταύτης
1306 2675 1339 2737 ὅ
1372 2676 1524 2753 ἔρως·
1564 2680 1885 2753 μηχανᾶται

281 2764 350 2841 δή
393 2764 598 2825 τοιάδε·
641 2763 809 2828 αὖτός
842 2790 905 2825 τε
943 2769 1020 2844 τῷ
1063 2764 1258 2844 ἑταίρῳ
1290 2768 1393 2824 τοῦ
1418 2764 1489 2840 ἦν
1513 2763 1553 2839 ἦ
1578 2764 1717 2845 γυνὴ
1746 2764 1887 2840 αὕτη

277 2852 604 2913 ὖποδέκεται
630 2853 860 2929 δωτίνην
894 2851 1092 2912 δώσειν
1116 2856 1227 2911 τῶν
1258 2855 1459 2911 ἑωυτοῦ
1486 2850 1705 2912 πάντων
1732 2850 1792 2911 ἓν
1815 2852 1885 2912 τό

279 2938 348 3001 ἂν
389 2940 554 3004 αὐτὸς
597 2944 802 3004 ἐκεῖνος
837 2941 1047 3016 ἕληται,
1076 2939 1168 2998 καὶ
1193 2939 1293 2999 τόν
1319 2943 1535 3015 ἑταῖρον
1562 2942 1739 3018 ἑωυτῷ
1770 2940 1882 2998 ἐκέ-

279 3033 409 3089 λευε
435 3028 698 3093 ὦσαύτως
733 3028 838 3106 τήν
866 3027 1066 3103 ὁμοίην
1093 3026 1321 3087 διδόναι·
1363 3026 1395 3087 ὅ
1423 3027 1483 3086 δὲ
1510 3026 1667 3087 οὐδὲν
1695 3028 1882 3103 φοβη-

280 3117 393 3180 θεὶς
429 3118 581 3196 α’μφὶ
622 3122 695 3199 τῇ
735 3117 969 3199 γυναικὶ,
1006 3114 1177 3193 ὁρέων
1213 3119 1416 3175 ἐοῦσαν
1459 3115 1552 3174 καὶ
1586 3114 1885 3192 Ἀρίστωνι

278 3209 530 3281 γυναῖκα,
577 3205 848 3267 καταινέει
893 3207 1086 3263 ταῦτα·
1145 3202 1237 3262 ἐπὶ
1280 3202 1533 3263 τούτοισι
1581 3202 1641 3261 δὲ
1686 3200 1886 3278 ὅρκους

335 3291 596 3367 ἤλασαν·
635 3293 778 3371 μετοὶ
822 3293 897 3367 δὲ,
945 3289 1113 3355 αὐτός
1158 3317 1221 3351 τε
1266 3290 1324 3373 [ὅ
1372 3289 1673 3371 Ἀρίστων]
1719 3288 1883 3348 ἔδωκε
