2259 3500
284 120 291 125 “
354 104 643 168 134-137]
1046 102 1276 151 num.
1868 106 1962 153 115

358 184 425 243 οὗ
462 186 677 259 Τιμοῦν
712 181 851 241 εἶναι
888 180 995 257 τήν
1030 183 1214 254 αἶτίην
1245 182 1474 253 τούτων,
1507 181 1665 243 ἀλλά
1699 181 1816 242 δεῖν
1851 182 1964 263 γὰρ

360 268 680 331 Μιλτιάδεα
714 271 983 329 τελευτᾶν
1021 268 1102 345 μὴ
1147 266 1226 341 εὖ,
1260 270 1511 345 φανῆναί
1541 272 1596 329 οἶ
1630 273 1742 330 τῶν
1784 274 1966 329 κακῶν

362 356 734 437 κατηγεμόνα·
804 356 1075 433 Παρίοισι
1099 360 1204 433 μὲν
1232 356 1300 431 δη
1325 360 1502 416 ταῦτα
1525 356 1564 432 ἦ
1590 358 1778 433 Πυθίη
1804 359 1962 437 ἐχρη-

364 470 455 506 σε.
533 444 821 520 Ἀθηναιοι
846 444 905 503 δὲ
932 449 993 503 ἐκ
1023 444 1220 521 Πάρου
1253 445 1570 504 Μιλτιάδεα
1610 444 1922 520 ἀπονοστή-
1945 446 2058 503 136

365 558 546 593 σαντα
582 532 755 611 ἔσχον
792 536 851 591 ἐν
887 531 1142 609 στόμασι
1179 530 1237 591 οἴ
1266 556 1329 592 τε
1369 530 1542 591 ἄλλοι
1578 532 1670 591 καὶ
1708 532 1966 609 μάλιστα

364 618 749 685 Ξάνθιππος“
715 647 747 679 o
774 619 1127 697 Ἀρίφρονος·
1172 618 1233 683 ὃς
1259 619 1558 680 θανάτου
1525 644 1827 701 υπαγαγων
1853 646 1964 679 υπο

364 708 463 769 τὸν
501 708 679 784 δῆμον
706 707 1023 767 Μιλτιάδεα
1062 707 1250 767 ἐδίωκε
1279 711 1381 783 τῆς
1402 706 1710 783 Ἀθηναίων
1750 706 1967 782 ἀπάτης

371 794 589 853 εἵνεκεν·
630 794 946 869 Μιλτιάδης
986 794 1047 853 δὲ
1088 792 1255 857 αὖτός
1294 797 1398 870 μὲν
1439 792 1656 869 παρεῶν
1697 793 1796 853 οὔκ
1833 793 1966 853 ἀπε-

371 881 626 961 λογέετο·
681 879 750 957 ἦν
798 880 911 963 γὰρ
962 880 1230 945 ἀδύνατος
1283 880 1432 943 ὥστε
1483 882 1809 957 σηπομένου
1862 883 1964 940 τοῦ

370 972 569 1045 μηροῦ·
608 970 969 1046 προκειμένου
1004 970 1065 1029 δὲ
1106 970 1278 1031 αὐτοῦ
1315 974 1374 1030 ἐν
1409 971 1572 1048 κλίνῃ
1613 968 1966 1045 ὑπεραπολο-

368 1056 564 1137 γέοντο
604 1060 658 1116 οἱ
704 1058 885 1133 φίλοι,
927 1062 1028 1134 τῆς
1066 1058 1254 1139 μα’χης
1297 1084 1359 1119 τε
1405 1061 1506 1134 τῆς
1553 1062 1612 1119 ἐν
1657 1056 1968 1133 Μαραθῶνι

368 1146 663 1225 γενομένης
708 1144 902 1205 πολλά
950 1148 1381 1224 ἐπιμεμνημένοι
1434 1146 1526 1205 καὶ
1577 1145 1682 1222 τὴν
1735 1144 1968 1221 Λήμνου

370 1232 599 1309 αἵρεσιν,
628 1233 700 1297 ὦς
727 1233 869 1293 ἑλών
895 1233 1126 1310 Λῆμνόν
1150 1261 1212 1296 τε
1240 1234 1332 1294 καὶ
1365 1234 1668 1312 τισάμενος
1697 1231 1828 1296 τούς
1855 1238 1967 1291 Πε-

367 1322 622 1402 λασγοῦς
654 1320 938 1395 παρέδωκε
963 1318 1333 1393 Ἀθηναίοισι.
1413 1322 1870 1401 προσ-γενομένου
1907 1320 1968 1379 δὲ

367 1412 471 1468 τοῦ
514 1408 696 1483 δήμου
741 1403 887 1479 αὐτῷ
930 1402 1069 1460 κατὰ
1110 1406 1214 1477 τὴν
1257 1407 1538 1469 ἀπόλυσιν
1572 1413 1673 1468 τοῦ
1710 1407 1967 1479 θανάτου,

370 1494 755 1570 ζημιώσαντος
780 1488 841 1547 δὲ
866 1488 1007 1548 κατά
1026 1487 1131 1563 τήν
1158 1488 1372 1565 ἀδικίην
1397 1494 1739 1568 πεντήκοντα
1765 1494 1968 1555 ταλάν-

372 1602 543 1647 τοισι,
570 1575 885 1653 Μιλτιάδης
908 1578 1013 1653 μὲν
1035 1575 1178 1654 μετὰ
1202 1580 1379 1637 ταῦτα
1413 1581 1870 1654 σφακελίσαντός
1906 1607 1969 1642 τε

374 1668 475 1723 τοῦ
512 1667 693 1740 μηροῦ
734 1664 825 1723 καὶ
866 1665 1142 1729 σαπέντος
1165 1667 1416 1743 τελευτᾷ,
1442 1666 1514 1723 τοὶ
1539 1665 1600 1723 δὲ
1625 1666 1968 1740 πεντήκοντα

374 1748 623 1812 τάλαντα
663 1752 873 1822 ἐξέτισε
914 1751 947 1813 ὅ
984 1753 1117 1817 πάϊς
1157 1753 1327 1814 αὐτοῦ
1369 1753 1583 1829 Κίμων.

456 1843 687 1918 Λῆμνον
712 1841 771 1900 δὲ
797 1840 1113 1917 Μιλτιάδης
1139 1841 1172 1901 ό
1204 1841 1461 1917 Κίμωνος
1489 1837 1592 1898 ὦδε
1617 1840 1774 1918 ἔσχε·
1815 1845 1926 1898 Πε-
1950 1843 2060 1902 137

372 1930 603 2010 λασ-γοὶ,
632 1929 757 1989 ἐπεί
783 1955 845 1989 τε
882 1933 943 1988 ἐκ
980 1933 1080 2004 τῆς
1104 1928 1362 2004 Ἀττικῆς
1399 1927 1511 1988 §vd
1545 1925 1854 2002 Ἀθηναίων
1891 1927 1972 1996 ἐξ·

374 2017 726 2094 εβλήθησαν,
764 2017 873 2078 εἴτε
914 2015 988 2077 ὧν
1028 2016 1097 2092 δή
1139 2017 1356 2080 δικαίως
1400 2017 1508 2076 εἶτε
1549 2015 1764 2078 ἀδίκως·
1803 2019 1972 2076 τοῦτο

372 2105 483 2186 γάρ
518 2105 619 2166 οὐκ
651 2106 759 2185 ἔχω
795 2104 1017 2183 φράσαι
1056 2104 1210 2180 πλὴν
1243 2104 1317 2163 τά
1350 2103 1648 2185 λεγόμενα·
1689 2102 1778 2163 ὅτι
1810 2102 1971 2162 Ἐκα-

371 2198 528 2256 ταῖος
566 2196 670 2270 μὲν
712 2193 744 2252 ὁ
785 2191 1182 2273 Ἡγησάνδρου
1226 2193 1408 2268 ἔφησε
1451 2195 1510 2252 ἐν
1547 2195 1703 2252 τοῖσι
1743 2191 1972 2272 λόγοισι

374 2281 555 2359 λέγων
580 2279 795 2343 ἀδίκως·
836 2280 961 2340 ἐπεί
980 2306 1043 2340 τε
1068 2279 1180 2360 γάρ
1211 2279 1341 2340 ἰδεῖν
1365 2278 1494 2343 τούς
1516 2278 1846 2355 Ἀθηναίους
1869 2279 1974 2354 τὴν

375 2366 580 2442 χώρην,
604 2366 707 2441 τήν
732 2371 910 2439 σφισι
935 2365 1159 2426 αὐτοῖσι
1183 2365 1294 2426 &va-<3
1320 2366 1420 2426 τὸν
1444 2365 1741 2443 Ὑμησσὸν
1768 2370 1972 2426 ἐοῦσαν

379 2452 581 2510 ἔδοσαν
628 2455 855 2527 οἰκῆσαι
893 2453 1102 2529 μισθὸν
1147 2457 1248 2514 τοῦ
1293 2453 1504 2531 τείχεος
1547 2457 1649 2513 τοῦ
1696 2454 1825 2530 περὶ
1867 2451 1974 2528 τήν

379 2535 683 2614 ἀκρόπολίν
725 2565 851 2599 κοτε
893 2541 1260 2617 ἐληλαμένου·
1313 2540 1518 2616 ταύτην
1561 2540 1633 2604 ὥς
1675 2540 1806 2600 ἰδεῖν
1845 2566 1973 2603 τους

377 2623 703 2702 Ἀθηναίους
728 2627 1220 2708 ἐξεργασμένην’
1164 2655 1239 2699 ευ,
1265 2654 1370 2705 την
1394 2627 1667 2705 πρότερον
1701 2627 1840 2687 ειναι
1880 2653 1974 2686 κα-

379 2710 481 2787 κήν
504 2737 567 2771 τε
594 2713 685 2772 καὶ
708 2740 809 2775 του
784 2714 1069 2791 μηδενὸς
1094 2715 1272 2790 ἀξιην,
1299 2717 1505 2792 λαβεῖν
1534 2714 1750 2823 φθόνον
1781 2740 1846 2773 τε
1881 2715 1974 2772 καὶ

380 2798 569 2877 ἵμερον
593 2804 693 2877 τῆς
715 2827 837 2882 γης,
866 2802 959 2860 καὶ
984 2801 1127 2862 οὕτω
1155 2803 1464 2872 ἐξελαυνειν
1491 2827 1690 2864 αυτ-ους
1716 2800 1974 2876 οὐδεμίαν

378 2885 564 2963 ἀλλην
608 2887 901 2964 πρόφασιν
951 2891 1398 2968 προϊσχομένους
1448 2888 1579 2952 τοῦς
1627 2887 1972 2962 Ἀθηναίους.

378 2974 450 3039 ὥς
495 2975 555 3034 δὲ
593 2974 751 3035 αὐτοὶ
794 2974 1085 3052 Ἀθηναῖοι
1128 2977 1382 3057 λέγουσι,
1426 2975 1642 3038 δικαίως
1688 2972 1974 3043 ἐξελάσαι.

378 3063 804 3139 κατοικημένους
842 3062 951 3144 γάρ
990 3064 1121 3127 τούς
1147 3062 1490 3144 Πελασγούς
1521 3060 1630 3121 ὖπό
1655 3065 1733 3138 τῷ
1756 3059 1973 3136 ’Υμησ-

376 3155 479 3230 σῷ,
508 3151 757 3232 ἐνθεῦτεν
782 3149 1160 3229 όρμεωμένους
1187 3151 1419 3210 ἀδικέειν
1443 3148 1592 3208 τάδε·
1635 3151 1840 3222 φοιτᾶν
1862 3146 1976 3227 γάρ

374 3239 484 3299 αἰεὶ
508 3238 610 3304 τάς
635 3239 919 3316 σφετέρας
958 3238 1264 3318 θυγατέρας
1287 3261 1350 3296 τε
1377 3235 1470 3294 καὶ
1493 3233 1622 3298 τούς
1645 3233 1847 3296 παῖδας
1889 3232 1974 3292 ἐπ’
