<?xml version="1.0" encoding="UTF-8"?>
<!DOCTYPE html PUBLIC "-//W3C//DTD XHTML 1.0 Transitional//EN"
    "http://www.w3.org/TR/xhtml1/DTD/xhtml1-transitional.dtd">
<html xmlns="http://www.w3.org/1999/xhtml" xml:lang="en" lang="en">
 <head>
  <title>
</title>
<meta http-equiv="Content-Type" content="text/html;charset=utf-8" />
  <meta name='ocr-system' content='tesseract 3.04.00' />
  <meta name='ocr-capabilities' content='ocr_page ocr_carea ocr_par ocr_line ocrx_word'/>
</head>
<body>
  <div class='ocr_page' id='page_1' title='image "./herodotus18herogoog/herodotus18herogoog_0204.png"; bbox 0 0 2259 3500; ppageno 0'>
   <div class='ocr_carea' id='block_1_1' title="bbox 312 84 1920 1116">
    <p class='ocr_par' dir='ltr' id='par_1_1' title="bbox 312 84 1920 1116">
     <span class='ocr_line' id='line_1_1' title="bbox 317 84 1919 151; baseline 0.002 -18"><span class='ocrx_word' id='word_1_1' title='bbox 317 86 412 134; x_wconf 85' lang='lat'>196</span> <span class='ocrx_word' id='word_1_2' title='bbox 937 84 1305 135; x_wconf 66' lang='lat' dir='ltr'>‘HPOAomow</span> <span class='ocrx_word' id='word_1_3' title='bbox 1761 84 1919 151; x_wconf 80' lang='lat' dir='ltr'><strong>[vn.</strong></span> 
     </span>
     <span class='ocr_line' id='line_1_2' title="bbox 315 164 1919 246; baseline 0.002 -23"><span class='ocrx_word' id='word_1_4' title='bbox 315 164 558 229; x_wconf 78' lang='grc' dir='ltr'>Σκιάθου</span> <span class='ocrx_word' id='word_1_5' title='bbox 585 191 645 224; x_wconf 90' lang='grc' dir='ltr'>τε</span> <span class='ocrx_word' id='word_1_6' title='bbox 667 165 759 223; x_wconf 80' lang='grc' dir='ltr'>καὶ</span> <span class='ocrx_word' id='word_1_7' title='bbox 785 166 1141 246; x_wconf 84' lang='grc' dir='ltr'>Μαγνησίης,</span> <span class='ocrx_word' id='word_1_8' title='bbox 1170 164 1509 241; x_wconf 83' lang='grc' dir='ltr'>καλεόμενον</span> <span class='ocrx_word' id='word_1_9' title='bbox 1532 165 1592 224; x_wconf 80' lang='grc' dir='ltr'>δὲ</span> <span class='ocrx_word' id='word_1_10' title='bbox 1613 164 1919 243; x_wconf 78' lang='grc' dir='ltr'>Μύρμηκα.</span> 
     </span>
     <span class='ocr_line' id='line_1_3' title="bbox 316 252 1920 330; baseline 0.001 -19"><span class='ocrx_word' id='word_1_11' title='bbox 316 254 554 311; x_wconf 82' lang='grc' dir='ltr'>ἐνθαῦτα</span> <span class='ocrx_word' id='word_1_12' title='bbox 586 256 640 311; x_wconf 80' lang='grc' dir='ltr'>οἶ</span> <span class='ocrx_word' id='word_1_13' title='bbox 664 252 957 330; x_wconf 88' lang='grc' dir='ltr'>βάρβαροι</span> <span class='ocrx_word' id='word_1_14' title='bbox 984 252 1173 328; x_wconf 78' lang='grc' dir='ltr'>ἐπειδὴ</span> <span class='ocrx_word' id='word_1_15' title='bbox 1206 252 1426 329; x_wconf 85' lang='grc' dir='ltr'>στήλην</span> <span class='ocrx_word' id='word_1_16' title='bbox 1452 254 1617 312; x_wconf 86' lang='grc' dir='ltr'>λίθου</span> <span class='ocrx_word' id='word_1_17' title='bbox 1645 256 1920 329; x_wconf 82' lang='grc' dir='ltr'>ἐπέθηκαν</span> 
     </span>
     <span class='ocr_line' id='line_1_4' title="bbox 313 340 1913 419; baseline 0.001 -21"><span class='ocrx_word' id='word_1_18' title='bbox 313 340 648 415; x_wconf 83' lang='grc' dir='ltr'>κομίσαντες</span> <span class='ocrx_word' id='word_1_19' title='bbox 673 340 764 399; x_wconf 83' lang='grc' dir='ltr'>ἐπὶ</span> <span class='ocrx_word' id='word_1_20' title='bbox 788 340 854 401; x_wconf 72' lang='grc' dir='ltr'>τὸ</span> <span class='ocrx_word' id='word_1_21' title='bbox 883 342 1040 417; x_wconf 79' lang='grc' dir='ltr'>ἕρμα,</span> <span class='ocrx_word' id='word_1_22' title='bbox 1059 341 1403 417; x_wconf 79' lang='grc' dir='ltr'>ὁρμηθέντες·</span> <span class='ocrx_word' id='word_1_23' title='bbox 1418 340 1577 400; x_wconf 73' lang='grc' dir='ltr'>αὐτοὶ</span> <span class='ocrx_word' id='word_1_24' title='bbox 1599 346 1659 399; x_wconf 92' lang='grc' dir='ltr'>ἐκ</span> <span class='ocrx_word' id='word_1_25' title='bbox 1678 341 1913 419; x_wconf 83' lang='grc' dir='ltr'>Θέρμης,</span> 
     </span>
     <span class='ocr_line' id='line_1_5' title="bbox 314 426 1919 509; baseline 0.004 -24"><span class='ocrx_word' id='word_1_26' title='bbox 314 426 384 490; x_wconf 81' lang='grc' dir='ltr'>ὥς</span> <span class='ocrx_word' id='word_1_27' title='bbox 426 434 538 504; x_wconf 86' lang='grc' dir='ltr'>σφι</span> <span class='ocrx_word' id='word_1_28' title='bbox 589 427 656 487; x_wconf 73' lang='grc' dir='ltr'>τὰ</span> <span class='ocrx_word' id='word_1_29' title='bbox 712 427 963 504; x_wconf 71' lang='grc' dir='ltr'>ἐμποδών</span> <span class='ocrx_word' id='word_1_30' title='bbox 1019 428 1271 509; x_wconf 82' lang='grc' dir='ltr'>ἐγεγόνεε</span> <span class='ocrx_word' id='word_1_31' title='bbox 1325 428 1583 505; x_wconf 74' lang='grc' dir='ltr'>καθαρὰν,</span> <span class='ocrx_word' id='word_1_32' title='bbox 1642 430 1919 491; x_wconf 74' lang='grc' dir='ltr'>ἐπέπλεον</span> 
     </span>
     <span class='ocr_line' id='line_1_6' title="bbox 312 513 1916 594; baseline 0.004 -21"><span class='ocrx_word' id='word_1_33' title='bbox 312 513 536 593; x_wconf 79' lang='grc' dir='ltr'>πάσῃσι</span> <span class='ocrx_word' id='word_1_34' title='bbox 581 520 718 594; x_wconf 79' lang='grc' dir='ltr'>τῇσι</span> <span class='ocrx_word' id='word_1_35' title='bbox 759 517 938 591; x_wconf 81' lang='grc' dir='ltr'>νηυσὶ,</span> <span class='ocrx_word' id='word_1_36' title='bbox 986 516 1175 583; x_wconf 73' lang='grc' dir='ltr'>ἕνδεκα</span> <span class='ocrx_word' id='word_1_37' title='bbox 1215 516 1425 593; x_wconf 75' lang='grc' dir='ltr'>ἡμέρας</span> <span class='ocrx_word' id='word_1_38' title='bbox 1466 517 1731 592; x_wconf 83' lang='grc' dir='ltr'>παρέντες</span> <span class='ocrx_word' id='word_1_39' title='bbox 1772 518 1916 593; x_wconf 56' lang='lat' dir='ltr'>pero?</span> 
     </span>
     <span class='ocr_line' id='line_1_7' title="bbox 313 602 1916 681; baseline 0.001 -18"><span class='ocrx_word' id='word_1_40' title='bbox 313 602 418 677; x_wconf 77' lang='grc' dir='ltr'>τήν</span> <span class='ocrx_word' id='word_1_41' title='bbox 442 604 720 679; x_wconf 84' lang='grc' dir='ltr'>βασιλέος</span> <span class='ocrx_word' id='word_1_42' title='bbox 751 604 1010 673; x_wconf 79' lang='grc' dir='ltr'>ἐξέλασιν</span> <span class='ocrx_word' id='word_1_43' title='bbox 1047 608 1106 661; x_wconf 91' lang='grc' dir='ltr'>ἐκ</span> <span class='ocrx_word' id='word_1_44' title='bbox 1143 605 1383 680; x_wconf 80' lang='grc' dir='ltr'>Θέρμης·</span> <span class='ocrx_word' id='word_1_45' title='bbox 1424 603 1489 663; x_wconf 84' lang='grc' dir='ltr'><em>τό</em></span> <span class='ocrx_word' id='word_1_46' title='bbox 1528 603 1587 662; x_wconf 83' lang='grc' dir='ltr'>δὲ</span> <span class='ocrx_word' id='word_1_47' title='bbox 1626 604 1769 680; x_wconf 80' lang='grc' dir='ltr'>ἕρμα</span> <span class='ocrx_word' id='word_1_48' title='bbox 1803 612 1916 681; x_wconf 85' lang='grc' dir='ltr'>σφι</span> 
     </span>
     <span class='ocr_line' id='line_1_8' title="bbox 315 684 1913 771; baseline 0.004 -23"><span class='ocrx_word' id='word_1_49' title='bbox 315 691 688 771; x_wconf 84' lang='grc' dir='ltr'>κατηγήσατο,</span> <span class='ocrx_word' id='word_1_50' title='bbox 714 690 804 750; x_wconf 81' lang='grc' dir='ltr'>ἐὸν</span> <span class='ocrx_word' id='word_1_51' title='bbox 825 697 883 750; x_wconf 90' lang='grc' dir='ltr'>ἐν</span> <span class='ocrx_word' id='word_1_52' title='bbox 903 691 1056 770; x_wconf 76' lang='grc' dir='ltr'>πόρῳ</span> <span class='ocrx_word' id='word_1_53' title='bbox 1081 691 1354 768; x_wconf 84' lang='grc' dir='ltr'>μάλιστα,</span> <span class='ocrx_word' id='word_1_54' title='bbox 1381 684 1640 768; x_wconf 85' lang='grc' dir='ltr'>Πάμμων</span> <span class='ocrx_word' id='word_1_55' title='bbox 1663 691 1913 769; x_wconf 80' lang='grc' dir='ltr'>Σκύριος·</span> 
     </span>
     <span class='ocr_line' id='line_1_9' title="bbox 313 778 1915 858; baseline 0.001 -21"><span class='ocrx_word' id='word_1_56' title='bbox 313 779 632 858; x_wconf 73' lang='grc' dir='ltr'>πανημερὸν</span> <span class='ocrx_word' id='word_1_57' title='bbox 660 780 728 838; x_wconf 77' lang='grc' dir='ltr'>δὲ·</span> <span class='ocrx_word' id='word_1_58' title='bbox 753 779 1035 842; x_wconf 80' lang='grc' dir='ltr'>πλώοντες</span> <span class='ocrx_word' id='word_1_59' title='bbox 1067 783 1121 838; x_wconf 81' lang='grc' dir='ltr'>οἱ</span> <span class='ocrx_word' id='word_1_60' title='bbox 1160 779 1453 856; x_wconf 87' lang='grc' dir='ltr'>βάρβαροι</span> <span class='ocrx_word' id='word_1_61' title='bbox 1488 778 1779 849; x_wconf 79' lang='grc' dir='ltr'>ἐξανύουσι</span> <span class='ocrx_word' id='word_1_62' title='bbox 1812 784 1915 856; x_wconf 81' lang='grc' dir='ltr'>τῆς</span> 
     </span>
     <span class='ocr_line' id='line_1_10' title="bbox 313 866 1915 947; baseline 0.002 -23"><span class='ocrx_word' id='word_1_63' title='bbox 313 868 650 947; x_wconf 80' lang='grc' dir='ltr'>Μαγνησίης</span> <span class='ocrx_word' id='word_1_64' title='bbox 674 868 858 945; x_wconf 82' lang='grc' dir='ltr'>χώρης</span> <span class='ocrx_word' id='word_1_65' title='bbox 885 868 976 926; x_wconf 86' lang='grc' dir='ltr'>ἐπὶ</span> <span class='ocrx_word' id='word_1_66' title='bbox 1009 866 1265 943; x_wconf 77' lang='grc' dir='ltr'>Σηπιάδα</span> <span class='ocrx_word' id='word_1_67' title='bbox 1300 894 1363 926; x_wconf 87' lang='grc' dir='ltr'>τε</span> <span class='ocrx_word' id='word_1_68' title='bbox 1396 868 1488 928; x_wconf 80' lang='grc' dir='ltr'>καὶ</span> <span class='ocrx_word' id='word_1_69' title='bbox 1521 866 1624 926; x_wconf 73' lang='grc' dir='ltr'>τᾶν</span> <span class='ocrx_word' id='word_1_70' title='bbox 1654 868 1915 947; x_wconf 75' lang='grc' dir='ltr'>αἰγιαλὸν</span> 
     </span>
     <span class='ocr_line' id='line_1_11' title="bbox 314 953 1913 1035; baseline 0.001 -22"><span class='ocrx_word' id='word_1_71' title='bbox 314 954 409 1013; x_wconf 78' lang='grc' dir='ltr'>τᾶν</span> <span class='ocrx_word' id='word_1_72' title='bbox 427 954 636 1031; x_wconf 75' lang='grc' dir='ltr'>μεταξι)</span> <span class='ocrx_word' id='word_1_73' title='bbox 655 956 1021 1030; x_wconf 84' lang='grc' dir='ltr'>Κασθαναίης</span> <span class='ocrx_word' id='word_1_74' title='bbox 1039 980 1100 1013; x_wconf 88' lang='grc' dir='ltr'>τε</span> <span class='ocrx_word' id='word_1_75' title='bbox 1117 953 1319 1035; x_wconf 84' lang='grc' dir='ltr'>πόλιος</span> <span class='ocrx_word' id='word_1_76' title='bbox 1340 953 1501 1013; x_wconf 88' lang='grc' dir='ltr'>ἐόντα</span> <span class='ocrx_word' id='word_1_77' title='bbox 1522 954 1613 1012; x_wconf 85' lang='grc' dir='ltr'>καὶ</span> <span class='ocrx_word' id='word_1_78' title='bbox 1631 954 1913 1030; x_wconf 79' lang='grc' dir='ltr'>Σηπιάδος</span> 
     </span>
     <span class='ocr_line' id='line_1_12' title="bbox 316 1067 506 1116; baseline 0.005 -18"><span class='ocrx_word' id='word_1_79' title='bbox 316 1067 506 1116; x_wconf 89' lang='grc' dir='ltr'>ακτης.</span> 
     </span>
    </p>
   </div>
   <div class='ocr_carea' id='block_1_2' title="bbox 223 1126 1912 1207">
    <p class='ocr_par' dir='ltr' id='par_1_2' title="bbox 223 1126 1912 1207">
     <span class='ocr_line' id='line_1_13' title="bbox 223 1126 1912 1207; baseline 0.002 -21"><span class='ocrx_word' id='word_1_80' title='bbox 223 1130 335 1186; x_wconf 83' lang='grc'>184</span> <span class='ocrx_word' id='word_1_81' title='bbox 395 1130 582 1207; x_wconf 87' lang='grc' dir='ltr'>Μέχρι</span> <span class='ocrx_word' id='word_1_82' title='bbox 634 1129 736 1204; x_wconf 88' lang='grc' dir='ltr'>μέν</span> <span class='ocrx_word' id='word_1_83' title='bbox 787 1154 883 1187; x_wconf 91' lang='grc' dir='ltr'>νυν</span> <span class='ocrx_word' id='word_1_84' title='bbox 931 1126 1130 1206; x_wconf 78' lang='grc' dir='ltr'>τούτου</span> <span class='ocrx_word' id='word_1_85' title='bbox 1176 1132 1278 1187; x_wconf 79' lang='grc' dir='ltr'>τοῦ</span> <span class='ocrx_word' id='word_1_86' title='bbox 1329 1128 1513 1207; x_wconf 77' lang='grc' dir='ltr'>χώρου</span> <span class='ocrx_word' id='word_1_87' title='bbox 1564 1128 1655 1187; x_wconf 88' lang='grc' dir='ltr'>καὶ</span> <span class='ocrx_word' id='word_1_88' title='bbox 1702 1136 1912 1207; x_wconf 81' lang='grc' dir='ltr'>Θερμο-</span> 
     </span>
    </p>
   </div>
   <div class='ocr_carea' id='block_1_3' title="bbox 305 1214 1914 3310">
    <p class='ocr_par' dir='ltr' id='par_1_3' title="bbox 305 1214 1914 3310">
     <span class='ocr_line' id='line_1_14' title="bbox 312 1214 1913 1311; baseline 0.002 -38"><span class='ocrx_word' id='word_1_89' title='bbox 312 1217 545 1285; x_wconf 87' lang='grc' dir='ltr'>πυλέων,</span> <span class='ocrx_word' id='word_1_90' title='bbox 575 1215 794 1290; x_wconf 80' lang='grc' dir='ltr'>άπαθής</span> <span class='ocrx_word' id='word_1_91' title='bbox 828 1241 890 1275; x_wconf 88' lang='grc' dir='ltr'>τε</span> <span class='ocrx_word' id='word_1_92' title='bbox 923 1219 1104 1275; x_wconf 79' lang='grc' dir='ltr'>κακῶν</span> <span class='ocrx_word' id='word_1_93' title='bbox 1136 1214 1206 1311; x_wconf 62' lang='grc' dir='ltr'>ἦν</span> <span class='ocrx_word' id='word_1_94' title='bbox 1234 1214 1265 1275; x_wconf 81' lang='grc' dir='ltr'>ὁ</span> <span class='ocrx_word' id='word_1_95' title='bbox 1292 1214 1555 1293; x_wconf 80' lang='grc' dir='ltr'>στρατός,</span> <span class='ocrx_word' id='word_1_96' title='bbox 1577 1216 1668 1274; x_wconf 86' lang='grc' dir='ltr'>καὶ</span> <span class='ocrx_word' id='word_1_97' title='bbox 1695 1218 1913 1293; x_wconf 86' lang='grc' dir='ltr'>πλῆθος</span> 
     </span>
     <span class='ocr_line' id='line_1_15' title="bbox 309 1302 1909 1385; baseline 0 -22"><span class='ocrx_word' id='word_1_98' title='bbox 309 1302 381 1377; x_wconf 81' lang='grc' dir='ltr'>ἦν</span> <span class='ocrx_word' id='word_1_99' title='bbox 419 1309 716 1379; x_wconf 82' lang='grc' dir='ltr'>τηνικαῦτα</span> <span class='ocrx_word' id='word_1_100' title='bbox 757 1305 851 1373; x_wconf 84' lang='grc' dir='ltr'>ἔτι,</span> <span class='ocrx_word' id='word_1_101' title='bbox 882 1302 952 1367; x_wconf 76' lang='grc' dir='ltr'>ὥς</span> <span class='ocrx_word' id='word_1_102' title='bbox 993 1303 1098 1385; x_wconf 71' lang='grc' dir='ltr'>ἐγώ</span> <span class='ocrx_word' id='word_1_103' title='bbox 1140 1302 1619 1380; x_wconf 88' lang='grc' dir='ltr'>συμβαλλόμενος</span> <span class='ocrx_word' id='word_1_104' title='bbox 1660 1304 1909 1381; x_wconf 79' lang='grc' dir='ltr'>εὖρίσκω,</span> 
     </span>
     <span class='ocr_line' id='line_1_16' title="bbox 310 1390 1912 1469; baseline 0 -18"><span class='ocrx_word' id='word_1_105' title='bbox 310 1390 504 1451; x_wconf 85' lang='grc' dir='ltr'>τόσον·</span> <span class='ocrx_word' id='word_1_106' title='bbox 544 1396 652 1452; x_wconf 81' lang='grc' dir='ltr'>τῶν</span> <span class='ocrx_word' id='word_1_107' title='bbox 687 1395 790 1469; x_wconf 82' lang='grc' dir='ltr'>μὲν</span> <span class='ocrx_word' id='word_1_108' title='bbox 829 1398 887 1451; x_wconf 89' lang='grc' dir='ltr'>ἐκ</span> <span class='ocrx_word' id='word_1_109' title='bbox 925 1396 1032 1452; x_wconf 77' lang='grc' dir='ltr'>τῶν</span> <span class='ocrx_word' id='word_1_110' title='bbox 1064 1396 1199 1451; x_wconf 79' lang='grc' dir='ltr'>νεῶν</span> <span class='ocrx_word' id='word_1_111' title='bbox 1225 1395 1336 1451; x_wconf 80' lang='grc' dir='ltr'>τῶν</span> <span class='ocrx_word' id='word_1_112' title='bbox 1362 1396 1421 1449; x_wconf 85' lang='grc' dir='ltr'>ἐκ</span> <span class='ocrx_word' id='word_1_113' title='bbox 1448 1396 1547 1468; x_wconf 85' lang='grc' dir='ltr'>τῆς</span> <span class='ocrx_word' id='word_1_114' title='bbox 1572 1391 1770 1467; x_wconf 80' lang='grc' dir='ltr'>Ἀσίης</span> <span class='ocrx_word' id='word_1_115' title='bbox 1797 1398 1912 1452; x_wconf 90' lang='grc' dir='ltr'>ἐου-</span> 
     </span>
     <span class='ocr_line' id='line_1_17' title="bbox 313 1478 1911 1559; baseline 0 -20"><span class='ocrx_word' id='word_1_116' title='bbox 313 1480 458 1539; x_wconf 89' lang='grc' dir='ltr'>σέων</span> <span class='ocrx_word' id='word_1_117' title='bbox 499 1480 638 1541; x_wconf 82' lang='grc' dir='ltr'>ἐπτοὶ</span> <span class='ocrx_word' id='word_1_118' title='bbox 678 1481 768 1539; x_wconf 85' lang='grc' dir='ltr'>καὶ</span> <span class='ocrx_word' id='word_1_119' title='bbox 809 1481 1132 1555; x_wconf 85' lang='grc' dir='ltr'>διηκοσιέων</span> <span class='ocrx_word' id='word_1_120' title='bbox 1174 1480 1265 1539; x_wconf 88' lang='grc' dir='ltr'>καὶ</span> <span class='ocrx_word' id='word_1_121' title='bbox 1296 1480 1537 1559; x_wconf 85' lang='grc' dir='ltr'>χιλιέων,</span> <span class='ocrx_word' id='word_1_122' title='bbox 1566 1478 1665 1541; x_wconf 73' lang='grc' dir='ltr'>τᾶν</span> <span class='ocrx_word' id='word_1_123' title='bbox 1688 1483 1793 1555; x_wconf 85' lang='grc' dir='ltr'>μὲν</span> <span class='ocrx_word' id='word_1_124' title='bbox 1817 1480 1911 1557; x_wconf 83' lang='grc' dir='ltr'>οἷρ-</span> 
     </span>
     <span class='ocr_line' id='line_1_18' title="bbox 309 1566 1913 1646; baseline 0.001 -20"><span class='ocrx_word' id='word_1_125' title='bbox 309 1571 474 1646; x_wconf 82' lang='grc' dir='ltr'>χαῖον</span> <span class='ocrx_word' id='word_1_126' title='bbox 517 1568 762 1629; x_wconf 79' lang='grc' dir='ltr'>ἑκάστων</span> <span class='ocrx_word' id='word_1_127' title='bbox 787 1571 912 1628; x_wconf 80' lang='grc' dir='ltr'>’τῶν</span> <span class='ocrx_word' id='word_1_128' title='bbox 955 1567 1153 1628; x_wconf 85' lang='grc' dir='ltr'>ἐθνέων</span> <span class='ocrx_word' id='word_1_129' title='bbox 1194 1567 1357 1627; x_wconf 86' lang='grc' dir='ltr'>ἐόντα</span> <span class='ocrx_word' id='word_1_130' title='bbox 1396 1566 1598 1643; x_wconf 83' lang='grc' dir='ltr'>ὅμιλον</span> <span class='ocrx_word' id='word_1_131' title='bbox 1637 1568 1913 1645; x_wconf 84' lang='grc' dir='ltr'>τέσσερας</span> 
     </span>
     <span class='ocr_line' id='line_1_19' title="bbox 313 1654 1912 1734; baseline 0 -19"><span class='ocrx_word' id='word_1_132' title='bbox 313 1656 405 1715; x_wconf 83' lang='grc' dir='ltr'>καὶ</span> <span class='ocrx_word' id='word_1_133' title='bbox 434 1658 613 1716; x_wconf 81' lang='grc' dir='ltr'>εἴκοσι</span> <span class='ocrx_word' id='word_1_134' title='bbox 642 1656 924 1734; x_wconf 78' lang='grc' dir='ltr'>μυριάδας,</span> <span class='ocrx_word' id='word_1_135' title='bbox 955 1658 1046 1715; x_wconf 87' lang='grc' dir='ltr'>καὶ</span> <span class='ocrx_word' id='word_1_136' title='bbox 1075 1656 1233 1734; x_wconf 78' lang='grc' dir='ltr'>πρός,</span> <span class='ocrx_word' id='word_1_137' title='bbox 1260 1654 1491 1734; x_wconf 80' lang='grc' dir='ltr'>χιλιάδα</span> <span class='ocrx_word' id='word_1_138' title='bbox 1515 1656 1697 1733; x_wconf 83' lang='grc' dir='ltr'>τεκαὶ</span> <span class='ocrx_word' id='word_1_139' title='bbox 1722 1682 1912 1733; x_wconf 87' lang='grc' dir='ltr'>τετρα-</span> 
     </span>
     <span class='ocr_line' id='line_1_20' title="bbox 311 1744 1913 1824; baseline 0.001 -20"><span class='ocrx_word' id='word_1_140' title='bbox 311 1747 552 1816; x_wconf 87' lang='grc' dir='ltr'>κοσίους,</span> <span class='ocrx_word' id='word_1_141' title='bbox 581 1745 652 1810; x_wconf 77' lang='grc' dir='ltr'>ὥς</span> <span class='ocrx_word' id='word_1_142' title='bbox 683 1745 792 1806; x_wconf 74' lang='grc' dir='ltr'>οἶνοὶ</span> <span class='ocrx_word' id='word_1_143' title='bbox 823 1745 1139 1821; x_wconf 87' lang='grc' dir='ltr'>διηκοσίους</span> <span class='ocrx_word' id='word_1_144' title='bbox 1174 1744 1374 1822; x_wconf 78' lang='grc' dir='ltr'>ἄνδρας</span> <span class='ocrx_word' id='word_1_145' title='bbox 1404 1744 1822 1824; x_wconf 80' lang='grc' dir='ltr'>λογιζομένοισι</span> <span class='ocrx_word' id='word_1_146' title='bbox 1855 1752 1913 1806; x_wconf 85' lang='grc' dir='ltr'>ἐν</span> 
     </span>
     <span class='ocr_line' id='line_1_21' title="bbox 312 1831 1909 1912; baseline 0.001 -21"><span class='ocrx_word' id='word_1_147' title='bbox 312 1833 520 1912; x_wconf 83' lang='grc' dir='ltr'>ἑκάστῃ</span> <span class='ocrx_word' id='word_1_148' title='bbox 561 1835 668 1910; x_wconf 76' lang='grc' dir='ltr'>νηΐ·</span> <span class='ocrx_word' id='word_1_149' title='bbox 712 1833 1050 1910; x_wconf 79' lang='grc' dir='ltr'>ἐπεβάτευον</span> <span class='ocrx_word' id='word_1_150' title='bbox 1091 1833 1152 1891; x_wconf 83' lang='grc' dir='ltr'>δὲ</span> <span class='ocrx_word' id='word_1_151' title='bbox 1194 1833 1285 1890; x_wconf 87' lang='grc' dir='ltr'>ἐπὶ</span> <span class='ocrx_word' id='word_1_152' title='bbox 1330 1832 1565 1892; x_wconf 89' lang='grc' dir='ltr'>τουτέων</span> <span class='ocrx_word' id='word_1_153' title='bbox 1604 1835 1714 1892; x_wconf 76' lang='grc' dir='ltr'>τῶν</span> <span class='ocrx_word' id='word_1_154' title='bbox 1759 1831 1909 1904; x_wconf 76' lang='grc' dir='ltr'>νεῶν,</span> 
     </span>
     <span class='ocr_line' id='line_1_22' title="bbox 309 1921 1913 2000; baseline 0.001 -20"><span class='ocrx_word' id='word_1_155' title='bbox 309 1923 477 2000; x_wconf 84' lang='grc' dir='ltr'>χωρὶς</span> <span class='ocrx_word' id='word_1_156' title='bbox 513 1921 759 1981; x_wconf 81' lang='grc' dir='ltr'>ἑκάστων</span> <span class='ocrx_word' id='word_1_157' title='bbox 793 1925 903 1980; x_wconf 79' lang='grc' dir='ltr'>τῶν</span> <span class='ocrx_word' id='word_1_158' title='bbox 939 1922 1259 1999; x_wconf 84' lang='grc' dir='ltr'>ἐπιχωρίων,</span> <span class='ocrx_word' id='word_1_159' title='bbox 1300 1921 1611 1995; x_wconf 90' lang='grc' dir='ltr'>ἐπιβατέων</span> <span class='ocrx_word' id='word_1_160' title='bbox 1646 1923 1913 1997; x_wconf 90' lang='grc' dir='ltr'>Περσέων</span> 
     </span>
     <span class='ocr_line' id='line_1_23' title="bbox 309 2005 1912 2084; baseline 0.001 -18"><span class='ocrx_word' id='word_1_161' title='bbox 309 2035 372 2068; x_wconf 93' lang='grc' dir='ltr'>τε</span> <span class='ocrx_word' id='word_1_162' title='bbox 414 2009 505 2068; x_wconf 81' lang='grc' dir='ltr'>καὶ</span> <span class='ocrx_word' id='word_1_163' title='bbox 545 2008 755 2084; x_wconf 84' lang='grc' dir='ltr'>Μήδων</span> <span class='ocrx_word' id='word_1_164' title='bbox 797 2008 888 2065; x_wconf 82' lang='grc' dir='ltr'>καὶ</span> <span class='ocrx_word' id='word_1_165' title='bbox 923 2007 1145 2070; x_wconf 86' lang='grc' dir='ltr'>Σακέων</span> <span class='ocrx_word' id='word_1_166' title='bbox 1178 2006 1475 2084; x_wconf 83' lang='grc' dir='ltr'>τριήκοντα</span> <span class='ocrx_word' id='word_1_167' title='bbox 1500 2005 1710 2084; x_wconf 71' lang='grc' dir='ltr'>ἄνδρες·</span> <span class='ocrx_word' id='word_1_168' title='bbox 1752 2005 1912 2072; x_wconf 80' lang='grc' dir='ltr'>οὗτος</span> 
     </span>
     <span class='ocr_line' id='line_1_24' title="bbox 309 2093 1909 2174; baseline 0.001 -21"><span class='ocrx_word' id='word_1_169' title='bbox 309 2094 486 2158; x_wconf 77' lang='grc' dir='ltr'>ἄλλος</span> <span class='ocrx_word' id='word_1_170' title='bbox 527 2094 724 2172; x_wconf 81' lang='grc' dir='ltr'>ὅμιλος</span> <span class='ocrx_word' id='word_1_171' title='bbox 763 2095 974 2174; x_wconf 88' lang='grc' dir='ltr'>γίνεται</span> <span class='ocrx_word' id='word_1_172' title='bbox 1018 2093 1339 2172; x_wconf 81' lang='grc' dir='ltr'>τρισμύριοι</span> <span class='ocrx_word' id='word_1_173' title='bbox 1383 2095 1474 2152; x_wconf 84' lang='grc' dir='ltr'>καὶ</span> <span class='ocrx_word' id='word_1_174' title='bbox 1522 2095 1909 2174; x_wconf 80' lang='grc' dir='ltr'>ἑξακισχίλιοι,</span> 
     </span>
     <span class='ocr_line' id='line_1_25' title="bbox 308 2181 1912 2258; baseline 0.001 -19"><span class='ocrx_word' id='word_1_175' title='bbox 308 2182 400 2240; x_wconf 79' lang='grc' dir='ltr'>καὶ</span> <span class='ocrx_word' id='word_1_176' title='bbox 445 2181 600 2258; x_wconf 85' lang='grc' dir='ltr'>πρός,</span> <span class='ocrx_word' id='word_1_177' title='bbox 639 2181 919 2257; x_wconf 86' lang='grc' dir='ltr'>διηκόσιοί</span> <span class='ocrx_word' id='word_1_178' title='bbox 953 2205 1016 2240; x_wconf 88' lang='grc' dir='ltr'>τε</span> <span class='ocrx_word' id='word_1_179' title='bbox 1060 2182 1152 2239; x_wconf 86' lang='grc' dir='ltr'>καὶ</span> <span class='ocrx_word' id='word_1_180' title='bbox 1195 2181 1345 2240; x_wconf 84' lang='grc' dir='ltr'>δέκα·</span> <span class='ocrx_word' id='word_1_181' title='bbox 1389 2182 1701 2258; x_wconf 87' lang='grc' dir='ltr'>προσθήσω</span> <span class='ocrx_word' id='word_1_182' title='bbox 1744 2182 1790 2240; x_wconf 84' lang='grc' dir='ltr'>δ’</span> <span class='ocrx_word' id='word_1_183' title='bbox 1833 2184 1912 2242; x_wconf 83' lang='grc' dir='ltr'>ἔτι</span> 
     </span>
     <span class='ocr_line' id='line_1_26' title="bbox 307 2267 1911 2349; baseline 0 -21"><span class='ocrx_word' id='word_1_184' title='bbox 307 2269 482 2348; x_wconf 79' lang='grc' dir='ltr'>τούτῳ</span> <span class='ocrx_word' id='word_1_185' title='bbox 517 2270 608 2328; x_wconf 82' lang='grc' dir='ltr'>καὶ</span> <span class='ocrx_word' id='word_1_186' title='bbox 647 2274 725 2349; x_wconf 70' lang='grc' dir='ltr'>τῷ</span> <span class='ocrx_word' id='word_1_187' title='bbox 757 2270 1006 2348; x_wconf 76' lang='grc' dir='ltr'>προτέρῳ</span> <span class='ocrx_word' id='word_1_188' title='bbox 1041 2267 1257 2348; x_wconf 72' lang='grc' dir='ltr'>ἀριθμῷ</span> <span class='ocrx_word' id='word_1_189' title='bbox 1299 2268 1428 2332; x_wconf 73' lang='grc' dir='ltr'>τοῦς</span> <span class='ocrx_word' id='word_1_190' title='bbox 1470 2274 1530 2328; x_wconf 90' lang='grc' dir='ltr'>ἐκ</span> <span class='ocrx_word' id='word_1_191' title='bbox 1572 2273 1681 2329; x_wconf 78' lang='grc' dir='ltr'>τῶν</span> <span class='ocrx_word' id='word_1_192' title='bbox 1716 2296 1911 2348; x_wconf 82' lang='grc' dir='ltr'>πεντη-</span> 
     </span>
     <span class='ocr_line' id='line_1_27' title="bbox 309 2355 1909 2436; baseline 0.003 -22"><span class='ocrx_word' id='word_1_193' title='bbox 309 2359 591 2433; x_wconf 87' lang='grc' dir='ltr'>κοντέρων,</span> <span class='ocrx_word' id='word_1_194' title='bbox 619 2357 880 2432; x_wconf 85' lang='grc' dir='ltr'>ποιήσας,</span> <span class='ocrx_word' id='word_1_195' title='bbox 909 2355 940 2416; x_wconf 84' lang='grc' dir='ltr'>ὅ</span> <span class='ocrx_word' id='word_1_196' title='bbox 965 2383 1021 2416; x_wconf 88' lang='grc' dir='ltr'>τι</span> <span class='ocrx_word' id='word_1_197' title='bbox 1046 2357 1224 2416; x_wconf 86' lang='grc' dir='ltr'>πλέον</span> <span class='ocrx_word' id='word_1_198' title='bbox 1248 2356 1317 2432; x_wconf 83' lang='grc' dir='ltr'>ἣν</span> <span class='ocrx_word' id='word_1_199' title='bbox 1344 2357 1549 2417; x_wconf 76' lang='grc' dir='ltr'>αὐτέων</span> <span class='ocrx_word' id='word_1_200' title='bbox 1574 2355 1611 2433; x_wconf 82' lang='grc' dir='ltr'>ἢ</span> <span class='ocrx_word' id='word_1_201' title='bbox 1640 2359 1909 2436; x_wconf 81' lang='grc' dir='ltr'>ἔλασσον,</span> 
     </span>
     <span class='ocr_line' id='line_1_28' title="bbox 311 2442 1913 2525; baseline 0.002 -23"><span class='ocrx_word' id='word_1_202' title='bbox 311 2442 395 2502; x_wconf 71' lang='grc' dir='ltr'>ἀν’</span> <span class='ocrx_word' id='word_1_203' title='bbox 427 2443 742 2525; x_wconf 77' lang='grc' dir='ltr'>ὀγδώκοντα</span> <span class='ocrx_word' id='word_1_204' title='bbox 781 2443 980 2521; x_wconf 75' lang='grc' dir='ltr'>ἄνδρας</span> <span class='ocrx_word' id='word_1_205' title='bbox 1022 2448 1237 2504; x_wconf 77' lang='grc' dir='ltr'>ἐνεῖναι·</span> <span class='ocrx_word' id='word_1_206' title='bbox 1280 2446 1595 2524; x_wconf 87' lang='grc' dir='ltr'>συνελέχθη</span> <span class='ocrx_word' id='word_1_207' title='bbox 1638 2446 1697 2506; x_wconf 85' lang='grc' dir='ltr'>δὲ</span> <span class='ocrx_word' id='word_1_208' title='bbox 1735 2451 1913 2516; x_wconf 78' lang='grc' dir='ltr'>ταῦτα</span> 
     </span>
     <span class='ocr_line' id='line_1_29' title="bbox 305 2529 1909 2613; baseline 0.001 -23"><span class='ocrx_word' id='word_1_209' title='bbox 305 2529 378 2591; x_wconf 81' lang='grc' dir='ltr'>τοὶ</span> <span class='ocrx_word' id='word_1_210' title='bbox 419 2534 608 2600; x_wconf 81' lang='grc' dir='ltr'>πλοῖα,</span> <span class='ocrx_word' id='word_1_211' title='bbox 654 2531 724 2594; x_wconf 81' lang='grc' dir='ltr'>ὥς</span> <span class='ocrx_word' id='word_1_212' title='bbox 770 2532 863 2590; x_wconf 83' lang='grc' dir='ltr'>καὶ</span> <span class='ocrx_word' id='word_1_213' title='bbox 904 2531 1177 2610; x_wconf 86' lang='grc' dir='ltr'>πρότερόν</span> <span class='ocrx_word' id='word_1_214' title='bbox 1211 2557 1309 2608; x_wconf 89' lang='grc' dir='ltr'>μοι</span> <span class='ocrx_word' id='word_1_215' title='bbox 1353 2534 1551 2609; x_wconf 81' lang='grc' dir='ltr'>εἰρέθη,</span> <span class='ocrx_word' id='word_1_216' title='bbox 1596 2535 1909 2613; x_wconf 88' lang='grc' dir='ltr'>τρισχίλια·</span> 
     </span>
     <span class='ocr_line' id='line_1_30' title="bbox 305 2617 1913 2697; baseline 0.004 -20"><span class='ocrx_word' id='word_1_217' title='bbox 305 2617 412 2694; x_wconf 85' lang='grc' dir='ltr'>ἤδη</span> <span class='ocrx_word' id='word_1_218' title='bbox 451 2617 523 2678; x_wconf 80' lang='grc' dir='ltr'>ὧν</span> <span class='ocrx_word' id='word_1_219' title='bbox 557 2617 749 2696; x_wconf 78' lang='grc' dir='ltr'>ἄνδρες</span> <span class='ocrx_word' id='word_1_220' title='bbox 787 2618 854 2678; x_wconf 82' lang='grc' dir='ltr'>ἂν</span> <span class='ocrx_word' id='word_1_221' title='bbox 893 2620 1000 2680; x_wconf 85' lang='grc' dir='ltr'>εἶεν</span> <span class='ocrx_word' id='word_1_222' title='bbox 1035 2624 1094 2679; x_wconf 87' lang='grc' dir='ltr'>ἐν</span> <span class='ocrx_word' id='word_1_223' title='bbox 1120 2618 1343 2680; x_wconf 78' lang='grc' dir='ltr'>αὖτοῖσι</span> <span class='ocrx_word' id='word_1_224' title='bbox 1369 2621 1635 2697; x_wconf 86' lang='grc' dir='ltr'>τέσσερες</span> <span class='ocrx_word' id='word_1_225' title='bbox 1652 2621 1913 2697; x_wconf 81' lang='grc' dir='ltr'>μυριάδες</span> 
     </span>
     <span class='ocr_line' id='line_1_31' title="bbox 307 2705 1913 2790; baseline 0.002 -26"><span class='ocrx_word' id='word_1_226' title='bbox 307 2707 399 2764; x_wconf 83' lang='grc' dir='ltr'>καὶ</span> <span class='ocrx_word' id='word_1_227' title='bbox 427 2707 616 2766; x_wconf 82' lang='grc' dir='ltr'>εἴκοσι.</span> <span class='ocrx_word' id='word_1_228' title='bbox 685 2711 852 2766; x_wconf 85' lang='grc' dir='ltr'>τοῦτο</span> <span class='ocrx_word' id='word_1_229' title='bbox 876 2707 980 2784; x_wconf 87' lang='grc' dir='ltr'>μέν</span> <span class='ocrx_word' id='word_1_230' title='bbox 1007 2733 1102 2767; x_wconf 89' lang='grc' dir='ltr'>νυν</span> <span class='ocrx_word' id='word_1_231' title='bbox 1125 2707 1193 2768; x_wconf 76' lang='grc' dir='ltr'><em>τό</em></span> <span class='ocrx_word' id='word_1_232' title='bbox 1222 2713 1283 2766; x_wconf 88' lang='grc' dir='ltr'>ἐκ</span> <span class='ocrx_word' id='word_1_233' title='bbox 1307 2712 1408 2790; x_wconf 80' lang='grc' dir='ltr'>τῆς</span> <span class='ocrx_word' id='word_1_234' title='bbox 1433 2705 1633 2783; x_wconf 85' lang='grc' dir='ltr'>Ἀσίης</span> <span class='ocrx_word' id='word_1_235' title='bbox 1658 2708 1913 2768; x_wconf 75' lang='grc' dir='ltr'>ναυτικὸν</span> 
     </span>
     <span class='ocr_line' id='line_1_32' title="bbox 306 2793 1913 2874; baseline 0.003 -22"><span class='ocrx_word' id='word_1_236' title='bbox 306 2793 392 2868; x_wconf 83' lang='grc' dir='ltr'>ἦν,</span> <span class='ocrx_word' id='word_1_237' title='bbox 410 2795 641 2871; x_wconf 83' lang='grc' dir='ltr'>σύμπαν</span> <span class='ocrx_word' id='word_1_238' title='bbox 661 2795 753 2854; x_wconf 84' lang='grc' dir='ltr'>ἐόν</span> <span class='ocrx_word' id='word_1_239' title='bbox 773 2794 1114 2870; x_wconf 87' lang='grc' dir='ltr'>πεντήκοντα</span> <span class='ocrx_word' id='word_1_240' title='bbox 1132 2795 1394 2872; x_wconf 86' lang='grc' dir='ltr'>μυριάδες</span> <span class='ocrx_word' id='word_1_241' title='bbox 1410 2796 1507 2854; x_wconf 65' lang='grc' dir='ltr'>καὶ</span> <span class='ocrx_word' id='word_1_242' title='bbox 1522 2796 1642 2872; x_wconf 82' lang='grc' dir='ltr'>μία,</span> <span class='ocrx_word' id='word_1_243' title='bbox 1662 2795 1913 2874; x_wconf 68' lang='grc' dir='ltr'>χιλιάδες</span> 
     </span>
     <span class='ocr_line' id='line_1_33' title="bbox 305 2881 1912 2961; baseline 0.004 -23"><span class='ocrx_word' id='word_1_244' title='bbox 305 2906 368 2938; x_wconf 91' lang='grc' dir='ltr'>τε</span> <span class='ocrx_word' id='word_1_245' title='bbox 411 2882 592 2941; x_wconf 86' lang='grc' dir='ltr'>ἔπεισι</span> <span class='ocrx_word' id='word_1_246' title='bbox 635 2882 728 2941; x_wconf 83' lang='grc' dir='ltr'>ἐπὶ</span> <span class='ocrx_word' id='word_1_247' title='bbox 759 2882 997 2961; x_wconf 73' lang='grc' dir='ltr'>ταύτῃσι</span> <span class='ocrx_word' id='word_1_248' title='bbox 1033 2881 1191 2951; x_wconf 83' lang='grc' dir='ltr'>ἑπτοὶ,</span> <span class='ocrx_word' id='word_1_249' title='bbox 1230 2883 1321 2940; x_wconf 79' lang='grc' dir='ltr'>καὶ</span> <span class='ocrx_word' id='word_1_250' title='bbox 1363 2883 1521 2960; x_wconf 80' lang='grc' dir='ltr'>πρὸς,</span> <span class='ocrx_word' id='word_1_251' title='bbox 1561 2883 1912 2946; x_wconf 81' lang='grc' dir='ltr'>ἑκατοντάδες</span> 
     </span>
     <span class='ocr_line' id='line_1_34' title="bbox 307 2967 1914 3047; baseline 0.002 -21"><span class='ocrx_word' id='word_1_252' title='bbox 307 2967 383 3037; x_wconf 78' lang='grc' dir='ltr'>ἓξ,</span> <span class='ocrx_word' id='word_1_253' title='bbox 411 2969 503 3027; x_wconf 84' lang='grc' dir='ltr'>καὶ</span> <span class='ocrx_word' id='word_1_254' title='bbox 531 2967 708 3032; x_wconf 89' lang='grc' dir='ltr'>δεκάς.</span> <span class='ocrx_word' id='word_1_255' title='bbox 776 2974 879 3031; x_wconf 76' lang='grc' dir='ltr'>τοῦ</span> <span class='ocrx_word' id='word_1_256' title='bbox 898 2970 957 3028; x_wconf 82' lang='grc' dir='ltr'>δὲ</span> <span class='ocrx_word' id='word_1_257' title='bbox 983 2969 1155 3040; x_wconf 80' lang='grc' dir='ltr'>πεζοῦ</span> <span class='ocrx_word' id='word_1_258' title='bbox 1182 2970 1572 3047; x_wconf 83' lang='grc' dir='ltr'>ἑβδομήκοντα</span> <span class='ocrx_word' id='word_1_259' title='bbox 1599 2972 1691 3029; x_wconf 85' lang='grc' dir='ltr'>καὶ</span> <span class='ocrx_word' id='word_1_260' title='bbox 1718 2969 1914 3030; x_wconf 79' lang='grc' dir='ltr'>ἑκατόν</span> 
     </span>
     <span class='ocr_line' id='line_1_35' title="bbox 305 3055 1909 3138; baseline 0.004 -24"><span class='ocrx_word' id='word_1_261' title='bbox 305 3055 564 3132; x_wconf 89' lang='grc' dir='ltr'>μυριάδες</span> <span class='ocrx_word' id='word_1_262' title='bbox 607 3059 873 3138; x_wconf 91' lang='grc' dir='ltr'>ἐγίνοντο·</span> <span class='ocrx_word' id='word_1_263' title='bbox 941 3060 1052 3117; x_wconf 81' lang='grc' dir='ltr'>τῶν</span> <span class='ocrx_word' id='word_1_264' title='bbox 1093 3058 1155 3116; x_wconf 81' lang='grc' dir='ltr'>δὲ</span> <span class='ocrx_word' id='word_1_265' title='bbox 1198 3059 1405 3118; x_wconf 77' lang='grc' dir='ltr'>ἱππέων</span> <span class='ocrx_word' id='word_1_266' title='bbox 1448 3057 1592 3118; x_wconf 73' lang='grc' dir='ltr'>ὄκτῶ</span> <span class='ocrx_word' id='word_1_267' title='bbox 1630 3057 1909 3136; x_wconf 80' lang='grc' dir='ltr'>μυριάδες·</span> 
     </span>
     <span class='ocr_line' id='line_1_36' title="bbox 305 3143 1911 3222; baseline 0.002 -23"><span class='ocrx_word' id='word_1_268' title='bbox 305 3143 620 3219; x_wconf 85' lang='grc' dir='ltr'>προσθήσω</span> <span class='ocrx_word' id='word_1_269' title='bbox 656 3146 703 3204; x_wconf 86' lang='grc' dir='ltr'>δ’</span> <span class='ocrx_word' id='word_1_270' title='bbox 731 3149 810 3206; x_wconf 85' lang='grc' dir='ltr'>ἔτι</span> <span class='ocrx_word' id='word_1_271' title='bbox 840 3144 1092 3206; x_wconf 79' lang='grc' dir='ltr'>τούτοισι</span> <span class='ocrx_word' id='word_1_272' title='bbox 1125 3145 1227 3208; x_wconf 79' lang='grc' dir='ltr'>τοὶς</span> <span class='ocrx_word' id='word_1_273' title='bbox 1264 3145 1549 3222; x_wconf 88' lang='grc' dir='ltr'>καμήλους</span> <span class='ocrx_word' id='word_1_274' title='bbox 1582 3143 1713 3206; x_wconf 72' lang='grc' dir='ltr'>τούς</span> <span class='ocrx_word' id='word_1_275' title='bbox 1750 3143 1911 3202; x_wconf 75' lang='grc' dir='ltr'>ἐλαύ-</span> 
     </span>
     <span class='ocr_line' id='line_1_37' title="bbox 305 3231 1912 3310; baseline 0.005 -24"><span class='ocrx_word' id='word_1_276' title='bbox 305 3254 501 3294; x_wconf 85' lang='grc' dir='ltr'>νοντας</span> <span class='ocrx_word' id='word_1_277' title='bbox 518 3231 837 3308; x_wconf 85' lang='grc' dir='ltr'>Ἀραβίους,</span> <span class='ocrx_word' id='word_1_278' title='bbox 854 3235 946 3294; x_wconf 83' lang='grc' dir='ltr'>καὶ</span> <span class='ocrx_word' id='word_1_279' title='bbox 964 3233 1094 3297; x_wconf 78' lang='grc' dir='ltr'>τούς</span> <span class='ocrx_word' id='word_1_280' title='bbox 1110 3232 1184 3293; x_wconf 82' lang='grc' dir='ltr'>τοὶ</span> <span class='ocrx_word' id='word_1_281' title='bbox 1198 3231 1421 3310; x_wconf 78' lang='grc' dir='ltr'>ἅρματα</span> <span class='ocrx_word' id='word_1_282' title='bbox 1435 3233 1673 3308; x_wconf 87' lang='grc' dir='ltr'>Λίβυας,</span> <span class='ocrx_word' id='word_1_283' title='bbox 1692 3232 1912 3306; x_wconf 80' lang='grc' dir='ltr'>πλῆθος</span> 
     </span>
    </p>
   </div>
  </div>
 </body>
</html>
