<?xml version="1.0" encoding="UTF-8"?>
<!DOCTYPE html PUBLIC "-//W3C//DTD XHTML 1.0 Transitional//EN"
    "http://www.w3.org/TR/xhtml1/DTD/xhtml1-transitional.dtd">
<html xmlns="http://www.w3.org/1999/xhtml" xml:lang="en" lang="en">
 <head>
  <title>
</title>
<meta http-equiv="Content-Type" content="text/html;charset=utf-8" />
  <meta name='ocr-system' content='tesseract 3.04.00' />
  <meta name='ocr-capabilities' content='ocr_page ocr_carea ocr_par ocr_line ocrx_word'/>
</head>
<body>
  <div class='ocr_page' id='page_1' title='image "./herodotus18herogoog_0240.png"; bbox 0 0 2259 3500; ppageno 0'>
   <div class='ocr_carea' id='block_1_1' title="bbox 191 132 1905 3360">
    <p class='ocr_par' dir='ltr' id='par_1_1' title="bbox 191 132 1905 3360">
     <span class='ocr_line' id='line_1_1' title="bbox 275 132 1876 199; baseline -0.002 -11"><span class='ocrx_word' id='word_1_1' title='bbox 275 139 376 189; x_wconf 84' lang='lat'>232</span> <span class='ocrx_word' id='word_1_2' title='bbox 920 134 1287 185; x_wconf 74' lang='lat' dir='ltr'><strong>‘111³voon</strong></span> <span class='ocrx_word' id='word_1_3' title='bbox 1688 132 1876 199; x_wconf 85' lang='lat' dir='ltr'><strong>[vm.</strong></span> 
     </span>
     <span class='ocr_line' id='line_1_2' title="bbox 278 212 1881 296; baseline -0.001 -21"><span class='ocrx_word' id='word_1_4' title='bbox 278 218 383 293; x_wconf 81' lang='grc' dir='ltr'>μὲν</span> <span class='ocrx_word' id='word_1_5' title='bbox 422 215 531 296; x_wconf 72' lang='grc' dir='ltr'>γὰρ</span> <span class='ocrx_word' id='word_1_6' title='bbox 564 218 676 275; x_wconf 82' lang='grc' dir='ltr'>τῶν</span> <span class='ocrx_word' id='word_1_7' title='bbox 715 214 946 273; x_wconf 78' lang='grc' dir='ltr'>Φωκέων</span> <span class='ocrx_word' id='word_1_8' title='bbox 988 218 1044 277; x_wconf 90' lang='grc' dir='ltr'>ἐς</span> <span class='ocrx_word' id='word_1_9' title='bbox 1083 212 1157 273; x_wconf 76' lang='grc' dir='ltr'>τᾶ,</span> <span class='ocrx_word' id='word_1_10' title='bbox 1202 214 1345 291; x_wconf 80' lang='grc' dir='ltr'>ἄκρα</span> <span class='ocrx_word' id='word_1_11' title='bbox 1384 216 1484 273; x_wconf 80' lang='grc' dir='ltr'>τοῦ</span> <span class='ocrx_word' id='word_1_12' title='bbox 1526 218 1881 291; x_wconf 84' lang='grc' dir='ltr'>Παρνησσοΰ</span> 
     </span>
     <span class='ocr_line' id='line_1_3' title="bbox 278 300 1882 378; baseline 0 -16"><span class='ocrx_word' id='word_1_13' title='bbox 278 302 587 378; x_wconf 72' lang='grc' dir='ltr'>ἀνέβησαν·</span> <span class='ocrx_word' id='word_1_14' title='bbox 658 304 778 362; x_wconf 82' lang='grc' dir='ltr'>ἔστι</span> <span class='ocrx_word' id='word_1_15' title='bbox 822 302 881 361; x_wconf 79' lang='grc' dir='ltr'>δὲ</span> <span class='ocrx_word' id='word_1_16' title='bbox 927 301 1020 359; x_wconf 84' lang='grc' dir='ltr'>καὶ</span> <span class='ocrx_word' id='word_1_17' title='bbox 1067 301 1325 377; x_wconf 81' lang='grc' dir='ltr'>ἐπιτηδέη</span> <span class='ocrx_word' id='word_1_18' title='bbox 1371 301 1637 370; x_wconf 78' lang='grc' dir='ltr'>δέξασθαι</span> <span class='ocrx_word' id='word_1_19' title='bbox 1679 300 1882 377; x_wconf 85' lang='grc' dir='ltr'>ὅμιλον</span> 
     </span>
     <span class='ocr_line' id='line_1_4' title="bbox 279 388 1882 467; baseline -0.001 -17"><span class='ocrx_word' id='word_1_20' title='bbox 279 395 378 450; x_wconf 81' lang='grc' dir='ltr'>τοῦ</span> <span class='ocrx_word' id='word_1_21' title='bbox 400 394 750 467; x_wconf 84' lang='grc' dir='ltr'>Παρνησσοῦ</span> <span class='ocrx_word' id='word_1_22' title='bbox 770 390 808 466; x_wconf 78' lang='lat' dir='ltr'>‘q‘</span> <span class='ocrx_word' id='word_1_23' title='bbox 831 388 1048 467; x_wconf 78' lang='grc' dir='ltr'>κορυφὴ</span> <span class='ocrx_word' id='word_1_24' title='bbox 1079 390 1218 450; x_wconf 73' lang='grc' dir='ltr'>κατὰ</span> <span class='ocrx_word' id='word_1_25' title='bbox 1240 389 1436 448; x_wconf 88' lang='grc' dir='ltr'>Νέωνα</span> <span class='ocrx_word' id='word_1_26' title='bbox 1461 389 1632 448; x_wconf 91' lang='grc' dir='ltr'>πόλιν</span> <span class='ocrx_word' id='word_1_27' title='bbox 1660 390 1882 466; x_wconf 81' lang='grc' dir='ltr'>κειμένη</span> 
     </span>
     <span class='ocr_line' id='line_1_5' title="bbox 283 476 1882 556; baseline 0 -19"><span class='ocrx_word' id='word_1_28' title='bbox 283 477 367 537; x_wconf 79' lang='grc' dir='ltr'>ἐπ’</span> <span class='ocrx_word' id='word_1_29' title='bbox 394 482 614 554; x_wconf 73' lang='grc' dir='ltr'>ἑωιπῆς·</span> <span class='ocrx_word' id='word_1_30' title='bbox 656 479 894 555; x_wconf 84' lang='grc' dir='ltr'>Τιθορέα</span> <span class='ocrx_word' id='word_1_31' title='bbox 921 477 1130 553; x_wconf 79' lang='grc' dir='ltr'>οὔνομα</span> <span class='ocrx_word' id='word_1_32' title='bbox 1166 476 1326 556; x_wconf 75' lang='grc' dir='ltr'>αὐτῇ·</span> <span class='ocrx_word' id='word_1_33' title='bbox 1368 481 1423 539; x_wconf 87' lang='grc' dir='ltr'>ἐς</span> <span class='ocrx_word' id='word_1_34' title='bbox 1447 476 1553 552; x_wconf 81' lang='grc' dir='ltr'>τήν</span> <span class='ocrx_word' id='word_1_35' title='bbox 1578 476 1646 553; x_wconf 75' lang='grc' dir='ltr'><em>δὴ</em></span> <span class='ocrx_word' id='word_1_36' title='bbox 1675 476 1882 553; x_wconf 77' lang='grc' dir='ltr'>ἀνηνεί-</span> 
     </span>
     <span class='ocr_line' id='line_1_6' title="bbox 285 564 1883 641; baseline 0 -17"><span class='ocrx_word' id='word_1_37' title='bbox 285 590 468 636; x_wconf 88' lang='grc' dir='ltr'>καντο,</span> <span class='ocrx_word' id='word_1_38' title='bbox 513 567 606 625; x_wconf 88' lang='grc' dir='ltr'>καὶ</span> <span class='ocrx_word' id='word_1_39' title='bbox 647 565 806 626; x_wconf 73' lang='grc' dir='ltr'>αὐτοὶ</span> <span class='ocrx_word' id='word_1_40' title='bbox 849 564 1159 641; x_wconf 74' lang='grc' dir='ltr'>ἀνέβησαν·</span> <span class='ocrx_word' id='word_1_41' title='bbox 1230 567 1283 623; x_wconf 85' lang='grc' dir='ltr'>οἶ</span> <span class='ocrx_word' id='word_1_42' title='bbox 1326 564 1385 623; x_wconf 80' lang='grc' dir='ltr'>δὲ</span> <span class='ocrx_word' id='word_1_43' title='bbox 1428 566 1662 627; x_wconf 81' lang='grc' dir='ltr'>πλεῦνες</span> <span class='ocrx_word' id='word_1_44' title='bbox 1704 564 1883 624; x_wconf 74' lang='grc' dir='ltr'>αὐτῶν</span> 
     </span>
     <span class='ocr_line' id='line_1_7' title="bbox 284 650 1883 731; baseline -0.001 -18"><span class='ocrx_word' id='word_1_45' title='bbox 284 658 340 717; x_wconf 80' lang='grc' dir='ltr'>ἐς</span> <span class='ocrx_word' id='word_1_46' title='bbox 369 654 497 717; x_wconf 74' lang='grc' dir='ltr'>τούς</span> <span class='ocrx_word' id='word_1_47' title='bbox 529 653 770 726; x_wconf 83' lang='grc' dir='ltr'>Ὀζόλας</span> <span class='ocrx_word' id='word_1_48' title='bbox 801 652 1051 731; x_wconf 73' lang='grc' dir='ltr'>Λοκρούς</span> <span class='ocrx_word' id='word_1_49' title='bbox 1093 650 1505 729; x_wconf 77' lang='grc' dir='ltr'>ἐξεκομίσαντο,</span> <span class='ocrx_word' id='word_1_50' title='bbox 1541 656 1597 715; x_wconf 86' lang='grc' dir='ltr'>ἐς</span> <span class='ocrx_word' id='word_1_51' title='bbox 1626 651 1883 729; x_wconf 79' lang='grc' dir='ltr'>Ἀμφισ-</span> 
     </span>
     <span class='ocr_line' id='line_1_8' title="bbox 284 740 1880 819; baseline -0.001 -18"><span class='ocrx_word' id='word_1_52' title='bbox 284 768 396 802; x_wconf 87' lang='grc' dir='ltr'>σαν</span> <span class='ocrx_word' id='word_1_53' title='bbox 415 743 599 812; x_wconf 89' lang='grc' dir='ltr'>πόλιν,</span> <span class='ocrx_word' id='word_1_54' title='bbox 620 742 724 818; x_wconf 71' lang='grc' dir='ltr'>τὴν</span> <span class='ocrx_word' id='word_1_55' title='bbox 738 741 876 819; x_wconf 80' lang='grc' dir='ltr'>ὖπὲρ</span> <span class='ocrx_word' id='word_1_56' title='bbox 903 746 1002 801; x_wconf 86' lang='grc' dir='ltr'>τοῦ</span> <span class='ocrx_word' id='word_1_57' title='bbox 1025 741 1305 818; x_wconf 88' lang='grc' dir='ltr'>Κρισαίου</span> <span class='ocrx_word' id='word_1_58' title='bbox 1326 740 1517 799; x_wconf 80' lang='grc' dir='ltr'>πεδίου</span> <span class='ocrx_word' id='word_1_59' title='bbox 1544 742 1880 817; x_wconf 83' lang='grc' dir='ltr'>οἰκεομένην.</span> 
     </span>
     <span class='ocr_line' id='line_1_9' title="bbox 285 828 1886 909; baseline 0.001 -21"><span class='ocrx_word' id='word_1_60' title='bbox 285 832 338 889; x_wconf 80' lang='grc' dir='ltr'>οἳ</span> <span class='ocrx_word' id='word_1_61' title='bbox 385 831 446 890; x_wconf 83' lang='grc' dir='ltr'>δὲ</span> <span class='ocrx_word' id='word_1_62' title='bbox 486 830 780 909; x_wconf 79' lang='grc' dir='ltr'>βάρβαροι</span> <span class='ocrx_word' id='word_1_63' title='bbox 819 830 923 905; x_wconf 70' lang='grc' dir='ltr'>τὴν</span> <span class='ocrx_word' id='word_1_64' title='bbox 963 828 1153 908; x_wconf 80' lang='grc' dir='ltr'>χώρην</span> <span class='ocrx_word' id='word_1_65' title='bbox 1194 832 1388 887; x_wconf 80' lang='grc' dir='ltr'>πᾶσαν</span> <span class='ocrx_word' id='word_1_66' title='bbox 1434 828 1743 905; x_wconf 86' lang='grc' dir='ltr'>ἐπέδραμον</span> <span class='ocrx_word' id='word_1_67' title='bbox 1781 828 1886 904; x_wconf 80' lang='grc' dir='ltr'>τήν</span> 
     </span>
     <span class='ocr_line' id='line_1_10' title="bbox 284 914 1882 999; baseline -0.001 -22"><span class='ocrx_word' id='word_1_68' title='bbox 284 920 521 979; x_wconf 82' lang='grc' dir='ltr'>Φωκίδα·</span> <span class='ocrx_word' id='word_1_69' title='bbox 584 918 877 978; x_wconf 82' lang='grc' dir='ltr'>Θεσσαλοὶ</span> <span class='ocrx_word' id='word_1_70' title='bbox 923 916 1035 999; x_wconf 85' lang='grc' dir='ltr'>γοὶρ</span> <span class='ocrx_word' id='word_1_71' title='bbox 1085 916 1224 976; x_wconf 82' lang='grc' dir='ltr'>οὕτω</span> <span class='ocrx_word' id='word_1_72' title='bbox 1276 914 1417 997; x_wconf 83' lang='grc' dir='ltr'>ἦγον</span> <span class='ocrx_word' id='word_1_73' title='bbox 1468 916 1567 976; x_wconf 74' lang='grc' dir='ltr'>τὸὗ</span> <span class='ocrx_word' id='word_1_74' title='bbox 1619 915 1882 993; x_wconf 86' lang='grc' dir='ltr'>στρατόν·</span> 
     </span>
     <span class='ocr_line' id='line_1_11' title="bbox 285 1004 1885 1085; baseline -0.003 -18"><span class='ocrx_word' id='word_1_75' title='bbox 285 1006 467 1067; x_wconf 71' lang='grc' dir='ltr'>ὁκόσα</span> <span class='ocrx_word' id='word_1_76' title='bbox 494 1006 554 1066; x_wconf 81' lang='grc' dir='ltr'>δὲ</span> <span class='ocrx_word' id='word_1_77' title='bbox 581 1008 840 1085; x_wconf 81' lang='grc' dir='ltr'>ἐπέσχον,</span> <span class='ocrx_word' id='word_1_78' title='bbox 866 1005 1050 1065; x_wconf 81' lang='grc' dir='ltr'>πάντα</span> <span class='ocrx_word' id='word_1_79' title='bbox 1077 1005 1393 1084; x_wconf 82' lang='grc' dir='ltr'>ἐπέφλεγον</span> <span class='ocrx_word' id='word_1_80' title='bbox 1421 1004 1514 1063; x_wconf 89' lang='grc' dir='ltr'>καὶ</span> <span class='ocrx_word' id='word_1_81' title='bbox 1540 1005 1764 1081; x_wconf 84' lang='grc' dir='ltr'>ἔκειρον,</span> <span class='ocrx_word' id='word_1_82' title='bbox 1793 1005 1885 1062; x_wconf 83' lang='grc' dir='ltr'>καὶ</span> 
     </span>
     <span class='ocr_line' id='line_1_12' title="bbox 191 1091 1887 1169; baseline -0.001 -16"><span class='ocrx_word' id='word_1_83' title='bbox 191 1096 266 1153; x_wconf 87' lang='grc'>33</span> <span class='ocrx_word' id='word_1_84' title='bbox 288 1099 342 1157; x_wconf 88' lang='grc' dir='ltr'>ἐς</span> <span class='ocrx_word' id='word_1_85' title='bbox 375 1095 475 1157; x_wconf 81' lang='grc' dir='ltr'>τοὶς</span> <span class='ocrx_word' id='word_1_86' title='bbox 507 1094 672 1157; x_wconf 81' lang='grc' dir='ltr'>πόλις</span> <span class='ocrx_word' id='word_1_87' title='bbox 712 1094 938 1155; x_wconf 84' lang='grc' dir='ltr'>ἐνιέντες</span> <span class='ocrx_word' id='word_1_88' title='bbox 967 1097 1079 1169; x_wconf 85' lang='grc' dir='ltr'>πῦρ</span> <span class='ocrx_word' id='word_1_89' title='bbox 1119 1093 1210 1151; x_wconf 88' lang='grc' dir='ltr'>καὶ</span> <span class='ocrx_word' id='word_1_90' title='bbox 1246 1098 1303 1155; x_wconf 86' lang='grc' dir='ltr'>ἐς</span> <span class='ocrx_word' id='word_1_91' title='bbox 1334 1092 1407 1151; x_wconf 70' lang='grc' dir='ltr'>ταῖ</span> <span class='ocrx_word' id='word_1_92' title='bbox 1449 1092 1558 1169; x_wconf 76' lang='grc' dir='ltr'>ἱροί.</span> <span class='ocrx_word' id='word_1_93' title='bbox 1641 1091 1887 1169; x_wconf 86' lang='grc' dir='ltr'>Πορευό-</span> 
     </span>
     <span class='ocr_line' id='line_1_13' title="bbox 285 1178 1885 1261; baseline -0.001 -21"><span class='ocrx_word' id='word_1_94' title='bbox 285 1206 443 1258; x_wconf 86' lang='grc' dir='ltr'>μενοι</span> <span class='ocrx_word' id='word_1_95' title='bbox 493 1180 605 1261; x_wconf 83' lang='grc' dir='ltr'>γοῖρ</span> <span class='ocrx_word' id='word_1_96' title='bbox 656 1180 829 1258; x_wconf 80' lang='grc' dir='ltr'>ταύτῃ</span> <span class='ocrx_word' id='word_1_97' title='bbox 883 1179 1036 1256; x_wconf 74' lang='grc' dir='ltr'>παρὰ</span> <span class='ocrx_word' id='word_1_98' title='bbox 1092 1179 1194 1239; x_wconf 74' lang='grc' dir='ltr'>τὸν</span> <span class='ocrx_word' id='word_1_99' title='bbox 1248 1180 1563 1256; x_wconf 83' lang='grc' dir='ltr'>Κηφισσόν</span> <span class='ocrx_word' id='word_1_100' title='bbox 1614 1178 1885 1256; x_wconf 73' lang='grc' dir='ltr'>ποταμὸν,</span> 
     </span>
     <span class='ocr_line' id='line_1_14' title="bbox 291 1266 1886 1345; baseline 0 -18"><span class='ocrx_word' id='word_1_101' title='bbox 291 1268 504 1343; x_wconf 78' lang='grc' dir='ltr'>ἐδηΐουν</span> <span class='ocrx_word' id='word_1_102' title='bbox 528 1268 726 1337; x_wconf 79' lang='grc' dir='ltr'>πάντα,</span> <span class='ocrx_word' id='word_1_103' title='bbox 756 1268 848 1325; x_wconf 84' lang='grc' dir='ltr'>καὶ</span> <span class='ocrx_word' id='word_1_104' title='bbox 875 1266 1014 1327; x_wconf 70' lang='grc' dir='ltr'>κατὰ</span> <span class='ocrx_word' id='word_1_105' title='bbox 1045 1269 1151 1343; x_wconf 77' lang='grc' dir='ltr'>μὲν</span> <span class='ocrx_word' id='word_1_106' title='bbox 1182 1269 1420 1327; x_wconf 81' lang='grc' dir='ltr'>ἔκαυσαν</span> <span class='ocrx_word' id='word_1_107' title='bbox 1447 1268 1677 1345; x_wconf 78' lang='grc' dir='ltr'>Δρύμον</span> <span class='ocrx_word' id='word_1_108' title='bbox 1701 1268 1886 1337; x_wconf 87' lang='grc' dir='ltr'>πόλιν,</span> 
     </span>
     <span class='ocr_line' id='line_1_15' title="bbox 292 1354 1890 1434; baseline 0 -21"><span class='ocrx_word' id='word_1_109' title='bbox 292 1354 433 1415; x_wconf 69' lang='grc' dir='ltr'>κατσῖ</span> <span class='ocrx_word' id='word_1_110' title='bbox 469 1355 528 1414; x_wconf 84' lang='grc' dir='ltr'>δὲ</span> <span class='ocrx_word' id='word_1_111' title='bbox 565 1355 879 1432; x_wconf 81' lang='grc' dir='ltr'>Χαράὸρην,</span> <span class='ocrx_word' id='word_1_112' title='bbox 909 1356 1001 1413; x_wconf 88' lang='grc' dir='ltr'>καὶ</span> <span class='ocrx_word' id='word_1_113' title='bbox 1020 1354 1295 1434; x_wconf 73' lang='grc' dir='ltr'>”Ερωχον,</span> <span class='ocrx_word' id='word_1_114' title='bbox 1326 1356 1417 1414; x_wconf 83' lang='grc' dir='ltr'>καὶ</span> <span class='ocrx_word' id='word_1_115' title='bbox 1446 1355 1768 1432; x_wconf 76' lang='grc' dir='ltr'>Τεθρώνιον,</span> <span class='ocrx_word' id='word_1_116' title='bbox 1798 1355 1890 1413; x_wconf 83' lang='grc' dir='ltr'>καὶ</span> 
     </span>
     <span class='ocr_line' id='line_1_16' title="bbox 283 1442 1887 1521; baseline 0.002 -20"><span class='ocrx_word' id='word_1_117' title='bbox 283 1444 646 1519; x_wconf 82' lang='grc' dir='ltr'>Ἀμφίκαιαν,</span> <span class='ocrx_word' id='word_1_118' title='bbox 692 1444 784 1502; x_wconf 88' lang='grc' dir='ltr'>καὶ</span> <span class='ocrx_word' id='word_1_119' title='bbox 823 1444 1033 1513; x_wconf 89' lang='grc' dir='ltr'>Νέωνα,</span> <span class='ocrx_word' id='word_1_120' title='bbox 1084 1443 1177 1502; x_wconf 83' lang='grc' dir='ltr'>καὶ</span> <span class='ocrx_word' id='word_1_121' title='bbox 1216 1444 1464 1512; x_wconf 84' lang='grc' dir='ltr'>Πεδιέας,</span> <span class='ocrx_word' id='word_1_122' title='bbox 1511 1444 1604 1501; x_wconf 84' lang='grc' dir='ltr'>καὶ</span> <span class='ocrx_word' id='word_1_123' title='bbox 1645 1442 1887 1521; x_wconf 82' lang='grc' dir='ltr'>Τριτέας,</span> 
     </span>
     <span class='ocr_line' id='line_1_17' title="bbox 293 1531 1886 1617; baseline 0.002 -27"><span class='ocrx_word' id='word_1_124' title='bbox 293 1531 384 1591; x_wconf 84' lang='grc' dir='ltr'>καὶ</span> <span class='ocrx_word' id='word_1_125' title='bbox 422 1531 732 1617; x_wconf 60' lang='grc' dir='ltr'>Ἐλάτειαν,</span> <span class='ocrx_word' id='word_1_126' title='bbox 769 1531 860 1590; x_wconf 87' lang='grc' dir='ltr'>καὶ</span> <span class='ocrx_word' id='word_1_127' title='bbox 899 1531 1232 1608; x_wconf 73' lang='grc' dir='ltr'>“Υάμπολιν,</span> <span class='ocrx_word' id='word_1_128' title='bbox 1267 1532 1359 1589; x_wconf 87' lang='grc' dir='ltr'>καὶ</span> <span class='ocrx_word' id='word_1_129' title='bbox 1398 1531 1886 1608; x_wconf 83' lang='grc' dir='ltr'>Παραποταμίους,</span> 
     </span>
     <span class='ocr_line' id='line_1_18' title="bbox 294 1618 1889 1697; baseline 0.001 -19"><span class='ocrx_word' id='word_1_130' title='bbox 294 1620 386 1679; x_wconf 89' lang='grc' dir='ltr'>καὶ</span> <span class='ocrx_word' id='word_1_131' title='bbox 428 1621 634 1697; x_wconf 79' lang='grc' dir='ltr'>Ἀβας·</span> <span class='ocrx_word' id='word_1_132' title='bbox 706 1620 836 1681; x_wconf 84' lang='grc' dir='ltr'>ἔνθα</span> <span class='ocrx_word' id='word_1_133' title='bbox 888 1618 958 1697; x_wconf 82' lang='grc' dir='ltr'>ἦν</span> <span class='ocrx_word' id='word_1_134' title='bbox 1013 1619 1131 1696; x_wconf 84' lang='grc' dir='ltr'>ἱρὸν</span> <span class='ocrx_word' id='word_1_135' title='bbox 1184 1618 1545 1681; x_wconf 86' lang='grc' dir='ltr'>’Λπόλλωνος</span> <span class='ocrx_word' id='word_1_136' title='bbox 1596 1618 1889 1691; x_wconf 78' lang='grc' dir='ltr'>πλούσιον,</span> 
     </span>
     <span class='ocr_line' id='line_1_19' title="bbox 293 1707 1890 1787; baseline -0.001 -19"><span class='ocrx_word' id='word_1_137' title='bbox 293 1709 636 1787; x_wconf 84' lang='grc' dir='ltr'>θησαυροῖσί</span> <span class='ocrx_word' id='word_1_138' title='bbox 654 1734 718 1770; x_wconf 89' lang='grc' dir='ltr'>τε</span> <span class='ocrx_word' id='word_1_139' title='bbox 746 1709 837 1768; x_wconf 83' lang='grc' dir='ltr'>καὶ</span> <span class='ocrx_word' id='word_1_140' title='bbox 863 1707 1189 1786; x_wconf 79' lang='grc' dir='ltr'>ἀναθήμασι</span> <span class='ocrx_word' id='word_1_141' title='bbox 1219 1712 1493 1768; x_wconf 81' lang='grc' dir='ltr'>πολλοῖσι</span> <span class='ocrx_word' id='word_1_142' title='bbox 1521 1732 1890 1768; x_wconf 84' lang='grc' dir='ltr'>κατεσκευασ-</span> 
     </span>
     <span class='ocr_line' id='line_1_20' title="bbox 291 1795 1895 1876; baseline -0.001 -20"><span class='ocrx_word' id='word_1_143' title='bbox 291 1798 477 1874; x_wconf 87' lang='grc' dir='ltr'>μένον·</span> <span class='ocrx_word' id='word_1_144' title='bbox 538 1796 608 1873; x_wconf 84' lang='grc' dir='ltr'>ἦν</span> <span class='ocrx_word' id='word_1_145' title='bbox 654 1797 713 1856; x_wconf 78' lang='grc' dir='ltr'>δὲ</span> <span class='ocrx_word' id='word_1_146' title='bbox 760 1798 852 1855; x_wconf 81' lang='grc' dir='ltr'>καὶ</span> <span class='ocrx_word' id='word_1_147' title='bbox 895 1796 1026 1856; x_wconf 87' lang='grc' dir='ltr'>τότε</span> <span class='ocrx_word' id='word_1_148' title='bbox 1074 1797 1166 1855; x_wconf 82' lang='grc' dir='ltr'>καὶ</span> <span class='ocrx_word' id='word_1_149' title='bbox 1214 1801 1309 1856; x_wconf 80' lang='grc' dir='ltr'>νῦν</span> <span class='ocrx_word' id='word_1_150' title='bbox 1366 1797 1504 1867; x_wconf 83' lang='grc' dir='ltr'>ἐστὶ,</span> <span class='ocrx_word' id='word_1_151' title='bbox 1548 1795 1895 1876; x_wconf 86' lang='grc' dir='ltr'>χρηστήριον</span> 
     </span>
     <span class='ocr_line' id='line_1_21' title="bbox 225 1884 1894 1961; baseline 0 -19"><span class='ocrx_word' id='word_1_152' title='bbox 225 1938 230 1942; x_wconf 91' lang='grc'>.</span> <span class='ocrx_word' id='word_1_153' title='bbox 293 1884 504 1945; x_wconf 73' lang='grc' dir='ltr'>αὐτόθι·</span> <span class='ocrx_word' id='word_1_154' title='bbox 565 1885 656 1942; x_wconf 84' lang='grc' dir='ltr'>καὶ</span> <span class='ocrx_word' id='word_1_155' title='bbox 696 1889 860 1944; x_wconf 82' lang='grc' dir='ltr'>τοῦτο</span> <span class='ocrx_word' id='word_1_156' title='bbox 900 1884 966 1943; x_wconf 65' lang='lat' dir='ltr'>r&amp;</span> <span class='ocrx_word' id='word_1_157' title='bbox 1009 1884 1127 1960; x_wconf 74' lang='grc' dir='ltr'>ἱρὸν</span> <span class='ocrx_word' id='word_1_158' title='bbox 1170 1884 1522 1959; x_wconf 85' lang='grc' dir='ltr'>συλήσαντες</span> <span class='ocrx_word' id='word_1_159' title='bbox 1564 1885 1894 1961; x_wconf 89' lang='grc' dir='ltr'>ἐνέπρησαν·</span> 
     </span>
     <span class='ocr_line' id='line_1_22' title="bbox 294 1965 1896 2048; baseline -0.001 -18"><span class='ocrx_word' id='word_1_160' title='bbox 294 1975 391 2032; x_wconf 83' lang='grc' dir='ltr'>καί</span> <span class='ocrx_word' id='word_1_161' title='bbox 430 1997 581 2034; x_wconf 86' lang='grc' dir='ltr'>τινας</span> <span class='ocrx_word' id='word_1_162' title='bbox 623 1971 907 2033; x_wconf 80' lang='grc' dir='ltr'>διώκοντες</span> <span class='ocrx_word' id='word_1_163' title='bbox 948 1970 1102 2029; x_wconf 79' lang='grc' dir='ltr'>εἷλον</span> <span class='ocrx_word' id='word_1_164' title='bbox 1141 1975 1255 2031; x_wconf 75' lang='grc' dir='ltr'>τῶν</span> <span class='ocrx_word' id='word_1_165' title='bbox 1294 1965 1525 2032; x_wconf 79' lang='grc' dir='ltr'>Φωκέων</span> <span class='ocrx_word' id='word_1_166' title='bbox 1564 1971 1705 2048; x_wconf 74' lang='grc' dir='ltr'>πρὸς</span> <span class='ocrx_word' id='word_1_167' title='bbox 1743 1975 1896 2031; x_wconf 80' lang='grc' dir='ltr'>τοῖσι</span> 
     </span>
     <span class='ocr_line' id='line_1_23' title="bbox 297 2057 1897 2140; baseline 0 -21"><span class='ocrx_word' id='word_1_168' title='bbox 297 2059 504 2137; x_wconf 79' lang='grc' dir='ltr'>οὔρεσι·</span> <span class='ocrx_word' id='word_1_169' title='bbox 578 2058 670 2116; x_wconf 87' lang='grc' dir='ltr'>καὶ</span> <span class='ocrx_word' id='word_1_170' title='bbox 708 2057 970 2137; x_wconf 78' lang='grc' dir='ltr'>γυναῖκάς</span> <span class='ocrx_word' id='word_1_171' title='bbox 1009 2082 1163 2120; x_wconf 88' lang='grc' dir='ltr'>τινας</span> <span class='ocrx_word' id='word_1_172' title='bbox 1203 2057 1520 2136; x_wconf 85' lang='grc' dir='ltr'>διέφθειραν</span> <span class='ocrx_word' id='word_1_173' title='bbox 1560 2057 1897 2140; x_wconf 84' lang='grc' dir='ltr'>μισγόμενοι,</span> 
     </span>
     <span class='ocr_line' id='line_1_24' title="bbox 293 2145 698 2220; baseline 0.005 -14"><span class='ocrx_word' id='word_1_174' title='bbox 293 2145 405 2206; x_wconf 72' lang='grc' dir='ltr'>ὕπο</span> <span class='ocrx_word' id='word_1_175' title='bbox 432 2145 698 2220; x_wconf 73' lang='grc' dir='ltr'>πλήθεος.</span> 
     </span>
     <span class='ocr_line' id='line_1_25' title="bbox 201 2231 1897 2310; baseline -0.001 -16"><span class='ocrx_word' id='word_1_176' title='bbox 201 2236 278 2294; x_wconf 75' lang='grc'>34</span> <span class='ocrx_word' id='word_1_177' title='bbox 376 2232 851 2309; x_wconf 83' lang='grc' dir='ltr'>Παραποταμίους</span> <span class='ocrx_word' id='word_1_178' title='bbox 887 2232 946 2290; x_wconf 80' lang='grc' dir='ltr'>δὲ</span> <span class='ocrx_word' id='word_1_179' title='bbox 978 2231 1463 2309; x_wconf 84' lang='grc' dir='ltr'>παραμειβόμενοι</span> <span class='ocrx_word' id='word_1_180' title='bbox 1498 2236 1553 2293; x_wconf 82' lang='grc' dir='ltr'>οἱ</span> <span class='ocrx_word' id='word_1_181' title='bbox 1588 2233 1897 2310; x_wconf 87' lang='grc' dir='ltr'>βαρβαροι,</span> 
     </span>
     <span class='ocr_line' id='line_1_26' title="bbox 294 2319 1898 2400; baseline 0.002 -21"><span class='ocrx_word' id='word_1_182' title='bbox 294 2319 560 2379; x_wconf 77' lang='grc' dir='ltr'>ἀπίκοντο</span> <span class='ocrx_word' id='word_1_183' title='bbox 588 2325 642 2382; x_wconf 90' lang='grc' dir='ltr'>ἐς</span> <span class='ocrx_word' id='word_1_184' title='bbox 662 2321 979 2384; x_wconf 86' lang='grc' dir='ltr'>Πανοπέας·</span> <span class='ocrx_word' id='word_1_185' title='bbox 1022 2322 1272 2381; x_wconf 84' lang='grc' dir='ltr'>ἐνθεῦτεν</span> <span class='ocrx_word' id='word_1_186' title='bbox 1292 2320 1360 2396; x_wconf 79' lang='grc' dir='ltr'>δή</span> <span class='ocrx_word' id='word_1_187' title='bbox 1382 2319 1489 2396; x_wconf 83' lang='grc' dir='ltr'>ἤδη</span> <span class='ocrx_word' id='word_1_188' title='bbox 1517 2321 1898 2400; x_wconf 83' lang='grc' dir='ltr'>διακρινομένη</span> 
     </span>
     <span class='ocr_line' id='line_1_27' title="bbox 295 2405 1901 2488; baseline 0 -20"><span class='ocrx_word' id='word_1_189' title='bbox 295 2409 334 2484; x_wconf 82' lang='grc' dir='ltr'><em>ἦ</em></span> <span class='ocrx_word' id='word_1_190' title='bbox 380 2407 615 2485; x_wconf 74' lang='grc' dir='ltr'>στρατιὴ</span> <span class='ocrx_word' id='word_1_191' title='bbox 659 2408 838 2467; x_wconf 75' lang='grc' dir='ltr'>αὐτῶν</span> <span class='ocrx_word' id='word_1_192' title='bbox 881 2409 1153 2488; x_wconf 84' lang='grc' dir='ltr'>ἐσχίζετο.</span> <span class='ocrx_word' id='word_1_193' title='bbox 1235 2407 1301 2468; x_wconf 73' lang='grc' dir='ltr'>τὰ</span> <span class='ocrx_word' id='word_1_194' title='bbox 1342 2410 1445 2485; x_wconf 83' lang='grc' dir='ltr'>μὲν</span> <span class='ocrx_word' id='word_1_195' title='bbox 1485 2405 1759 2469; x_wconf 81' lang='grc' dir='ltr'>πλεῖστον</span> <span class='ocrx_word' id='word_1_196' title='bbox 1808 2411 1901 2468; x_wconf 84' lang='grc' dir='ltr'>καὶ</span> 
     </span>
     <span class='ocr_line' id='line_1_28' title="bbox 297 2493 1901 2574; baseline 0.001 -19"><span class='ocrx_word' id='word_1_197' title='bbox 297 2494 673 2556; x_wconf 80' lang='grc' dir='ltr'>δυνατώτατον</span> <span class='ocrx_word' id='word_1_198' title='bbox 699 2493 804 2554; x_wconf 76' lang='grc' dir='ltr'>τοῦ</span> <span class='ocrx_word' id='word_1_199' title='bbox 836 2500 1099 2574; x_wconf 80' lang='grc' dir='ltr'>στρατοῦ,</span> <span class='ocrx_word' id='word_1_200' title='bbox 1134 2495 1253 2572; x_wconf 82' lang='grc' dir='ltr'>ἅμα</span> <span class='ocrx_word' id='word_1_201' title='bbox 1285 2495 1431 2574; x_wconf 75' lang='grc' dir='ltr'>αὐτῷ</span> <span class='ocrx_word' id='word_1_202' title='bbox 1454 2497 1637 2574; x_wconf 78' lang='grc' dir='ltr'>Ξέρξῃ</span> <span class='ocrx_word' id='word_1_203' title='bbox 1672 2496 1901 2574; x_wconf 84' lang='grc' dir='ltr'>πορευό-</span> 
     </span>
     <span class='ocr_line' id='line_1_29' title="bbox 296 2582 1902 2665; baseline 0.001 -23"><span class='ocrx_word' id='word_1_204' title='bbox 296 2609 464 2662; x_wconf 92' lang='grc' dir='ltr'>μενον</span> <span class='ocrx_word' id='word_1_205' title='bbox 518 2583 601 2643; x_wconf 83' lang='grc' dir='ltr'>ἐπ’</span> <span class='ocrx_word' id='word_1_206' title='bbox 647 2582 904 2659; x_wconf 88' lang='grc' dir='ltr'>Ἀθήνας,</span> <span class='ocrx_word' id='word_1_207' title='bbox 962 2585 1211 2659; x_wconf 85' lang='grc' dir='ltr'>ἐσέβαλε</span> <span class='ocrx_word' id='word_1_208' title='bbox 1258 2589 1312 2646; x_wconf 83' lang='grc' dir='ltr'>ἐς</span> <span class='ocrx_word' id='word_1_209' title='bbox 1366 2584 1642 2647; x_wconf 75' lang='grc' dir='ltr'>Βοιωτοῦς</span> <span class='ocrx_word' id='word_1_210' title='bbox 1691 2589 1745 2646; x_wconf 87' lang='grc' dir='ltr'>ἐς</span> <span class='ocrx_word' id='word_1_211' title='bbox 1793 2589 1902 2665; x_wconf 85' lang='grc' dir='ltr'>γῆν</span> 
     </span>
     <span class='ocr_line' id='line_1_30' title="bbox 295 2671 1902 2751; baseline -0.001 -20"><span class='ocrx_word' id='word_1_212' title='bbox 295 2671 689 2751; x_wconf 82' lang='grc' dir='ltr'>Ὀρχομενίων.</span> <span class='ocrx_word' id='word_1_213' title='bbox 772 2675 1028 2730; x_wconf 81' lang='grc' dir='ltr'>Βοιωτῶν</span> <span class='ocrx_word' id='word_1_214' title='bbox 1065 2671 1124 2730; x_wconf 80' lang='grc' dir='ltr'>δὲ</span> <span class='ocrx_word' id='word_1_215' title='bbox 1162 2675 1275 2730; x_wconf 79' lang='grc' dir='ltr'>πᾶν</span> <span class='ocrx_word' id='word_1_216' title='bbox 1303 2671 1369 2731; x_wconf 80' lang='grc' dir='ltr'>τό</span> <span class='ocrx_word' id='word_1_217' title='bbox 1408 2673 1629 2746; x_wconf 78' lang='grc' dir='ltr'>πλῆθος</span> <span class='ocrx_word' id='word_1_218' title='bbox 1662 2671 1902 2748; x_wconf 83' lang='grc' dir='ltr'>ἐμήδιζε·</span> 
     </span>
     <span class='ocr_line' id='line_1_31' title="bbox 296 2758 1904 2838; baseline -0.001 -19"><span class='ocrx_word' id='word_1_219' title='bbox 296 2760 395 2823; x_wconf 76' lang='grc' dir='ltr'>τὰς</span> <span class='ocrx_word' id='word_1_220' title='bbox 422 2760 480 2818; x_wconf 80' lang='grc' dir='ltr'>δὲ</span> <span class='ocrx_word' id='word_1_221' title='bbox 506 2760 672 2822; x_wconf 89' lang='grc' dir='ltr'>πόλις</span> <span class='ocrx_word' id='word_1_222' title='bbox 703 2758 881 2819; x_wconf 76' lang='grc' dir='ltr'>αὐτῶν</span> <span class='ocrx_word' id='word_1_223' title='bbox 919 2758 1109 2834; x_wconf 80' lang='grc' dir='ltr'>ἄνδρες</span> <span class='ocrx_word' id='word_1_224' title='bbox 1136 2758 1453 2822; x_wconf 82' lang='grc' dir='ltr'>Μακεδόνες</span> <span class='ocrx_word' id='word_1_225' title='bbox 1486 2759 1904 2838; x_wconf 84' lang='grc' dir='ltr'>διατεταγμένοι</span> 
     </span>
     <span class='ocr_line' id='line_1_32' title="bbox 301 2844 1905 2922; baseline 0 -16"><span class='ocrx_word' id='word_1_226' title='bbox 301 2848 520 2918; x_wconf 83' lang='grc' dir='ltr'>ἔσωζον,</span> <span class='ocrx_word' id='word_1_227' title='bbox 574 2847 683 2906; x_wconf 74' lang='grc' dir='ltr'>ὑπὸ</span> <span class='ocrx_word' id='word_1_228' title='bbox 724 2846 1094 2922; x_wconf 79' lang='grc' dir='ltr'>Ἀλεξάνδρου</span> <span class='ocrx_word' id='word_1_229' title='bbox 1148 2844 1628 2922; x_wconf 75' lang='grc' dir='ltr'>ἀποπεμφθέντες·</span> <span class='ocrx_word' id='word_1_230' title='bbox 1699 2847 1905 2918; x_wconf 83' lang='grc' dir='ltr'>ἔσωζον</span> 
     </span>
     <span class='ocr_line' id='line_1_33' title="bbox 299 2933 1903 3013; baseline -0.001 -19"><span class='ocrx_word' id='word_1_231' title='bbox 299 2936 374 3006; x_wconf 82' lang='grc' dir='ltr'>δὲ,</span> <span class='ocrx_word' id='word_1_232' title='bbox 421 2936 552 3013; x_wconf 79' lang='grc' dir='ltr'>τῇδε</span> <span class='ocrx_word' id='word_1_233' title='bbox 593 2933 935 3010; x_wconf 87' lang='grc' dir='ltr'>βουλόμενοι</span> <span class='ocrx_word' id='word_1_234' title='bbox 979 2933 1155 3007; x_wconf 86' lang='grc' dir='ltr'>δῆλον</span> <span class='ocrx_word' id='word_1_235' title='bbox 1200 2934 1408 2993; x_wconf 89' lang='grc' dir='ltr'>ποιέειν</span> <span class='ocrx_word' id='word_1_236' title='bbox 1458 2934 1640 3013; x_wconf 80' lang='grc' dir='ltr'>Ξέρξῃ</span> <span class='ocrx_word' id='word_1_237' title='bbox 1695 2933 1781 2993; x_wconf 81' lang='grc' dir='ltr'>ὅτι</span> <span class='ocrx_word' id='word_1_238' title='bbox 1830 2933 1903 2993; x_wconf 49' lang='lat' dir='ltr'>‘ra‘</span> 
     </span>
     <span class='ocr_line' id='line_1_34' title="bbox 297 3017 1903 3098; baseline -0.002 -17"><span class='ocrx_word' id='word_1_239' title='bbox 297 3023 508 3098; x_wconf 83' lang='grc' dir='ltr'>Μήδων</span> <span class='ocrx_word' id='word_1_240' title='bbox 540 3021 774 3080; x_wconf 80' lang='grc' dir='ltr'>Βοιωτοὶ</span> <span class='ocrx_word' id='word_1_241' title='bbox 813 3020 1120 3098; x_wconf 87' lang='grc' dir='ltr'>φρονέοιεν.</span> <span class='ocrx_word' id='word_1_242' title='bbox 1206 3017 1361 3081; x_wconf 76' lang='grc' dir='ltr'>οὗτοι</span> <span class='ocrx_word' id='word_1_243' title='bbox 1392 3022 1495 3097; x_wconf 75' lang='grc' dir='ltr'>μὲν</span> <span class='ocrx_word' id='word_1_244' title='bbox 1523 3021 1591 3096; x_wconf 75' lang='grc' dir='ltr'>δὴ</span> <span class='ocrx_word' id='word_1_245' title='bbox 1623 3025 1735 3080; x_wconf 83' lang='grc' dir='ltr'>τῶν</span> <span class='ocrx_word' id='word_1_246' title='bbox 1758 3023 1903 3096; x_wconf 86' lang='grc' dir='ltr'>βαρ-</span> 
     </span>
     <span class='ocr_line' id='line_1_35' title="bbox 205 3107 1903 3188; baseline -0.002 -19"><span class='ocrx_word' id='word_1_247' title='bbox 205 3114 281 3168; x_wconf 80' lang='grc'>35</span> <span class='ocrx_word' id='word_1_248' title='bbox 297 3110 491 3186; x_wconf 83' lang='grc' dir='ltr'>βάρων</span> <span class='ocrx_word' id='word_1_249' title='bbox 543 3108 716 3186; x_wconf 82' lang='grc' dir='ltr'>ταύτῃ</span> <span class='ocrx_word' id='word_1_250' title='bbox 771 3108 1094 3186; x_wconf 83' lang='grc' dir='ltr'>ἐτράποντο.</span> <span class='ocrx_word' id='word_1_251' title='bbox 1167 3107 1381 3168; x_wconf 76' lang='grc' dir='ltr'>Ἀλλοι</span> <span class='ocrx_word' id='word_1_252' title='bbox 1428 3107 1487 3166; x_wconf 82' lang='grc' dir='ltr'>δὲ</span> <span class='ocrx_word' id='word_1_253' title='bbox 1529 3107 1722 3178; x_wconf 74' lang='grc' dir='ltr'>αὐτῶν,</span> <span class='ocrx_word' id='word_1_254' title='bbox 1771 3107 1903 3188; x_wconf 82' lang='grc' dir='ltr'>ἤγε-</span> 
     </span>
     <span class='ocr_line' id='line_1_36' title="bbox 297 3194 1903 3275; baseline -0.001 -20"><span class='ocrx_word' id='word_1_255' title='bbox 297 3197 471 3273; x_wconf 88' lang='grc' dir='ltr'>μόνας</span> <span class='ocrx_word' id='word_1_256' title='bbox 507 3198 740 3275; x_wconf 85' lang='grc' dir='ltr'>ἔχοντες,</span> <span class='ocrx_word' id='word_1_257' title='bbox 769 3195 1009 3274; x_wconf 77' lang='grc' dir='ltr'>ὁρμέατο</span> <span class='ocrx_word' id='word_1_258' title='bbox 1045 3195 1137 3254; x_wconf 85' lang='grc' dir='ltr'>ἐπὶ</span> <span class='ocrx_word' id='word_1_259' title='bbox 1169 3195 1235 3255; x_wconf 82' lang='grc' dir='ltr'><em>τό</em></span> <span class='ocrx_word' id='word_1_260' title='bbox 1269 3194 1388 3272; x_wconf 74' lang='grc' dir='ltr'>ἲρὸν</span> <span class='ocrx_word' id='word_1_261' title='bbox 1419 3194 1485 3254; x_wconf 85' lang='grc' dir='ltr'>τὸ</span> <span class='ocrx_word' id='word_1_262' title='bbox 1522 3199 1580 3254; x_wconf 87' lang='grc' dir='ltr'>ἐν</span> <span class='ocrx_word' id='word_1_263' title='bbox 1609 3197 1903 3270; x_wconf 80' lang='grc' dir='ltr'>Δελφοῖσι</span> 
     </span>
     <span class='ocr_line' id='line_1_37' title="bbox 300 3279 1903 3360; baseline -0.001 -22"><span class='ocrx_word' id='word_1_264' title='bbox 300 3285 359 3338; x_wconf 88' lang='grc' dir='ltr'>ἐν</span> <span class='ocrx_word' id='word_1_265' title='bbox 410 3283 560 3357; x_wconf 74' lang='grc' dir='ltr'>δεξιῇ</span> <span class='ocrx_word' id='word_1_266' title='bbox 599 3282 701 3341; x_wconf 82' lang='grc' dir='ltr'>τόν</span> <span class='ocrx_word' id='word_1_267' title='bbox 742 3281 1092 3357; x_wconf 74' lang='grc' dir='ltr'>Παρνησσὸν</span> <span class='ocrx_word' id='word_1_268' title='bbox 1129 3281 1483 3360; x_wconf 69' lang='grc' dir='ltr'>ἀπέργοντες·</span> <span class='ocrx_word' id='word_1_269' title='bbox 1552 3279 1665 3339; x_wconf 83' lang='grc' dir='ltr'>ὅσα</span> <span class='ocrx_word' id='word_1_270' title='bbox 1707 3281 1768 3338; x_wconf 81' lang='grc' dir='ltr'>δὲ</span> <span class='ocrx_word' id='word_1_271' title='bbox 1809 3282 1903 3338; x_wconf 87' lang='grc' dir='ltr'>καὶ</span> 
     </span>
    </p>
   </div>
  </div>
 </body>
</html>
