2259 3500
287 106 384 155 234
895 102 1261 152 ἨΡΟΔΟΤΟΤ
1708 106 1893 169 [VIII.

287 183 570 261 Προνηίης
601 181 915 259 Ἀθηναίης,
959 186 1017 241 ἐν
1055 180 1231 260 τούτῳ
1272 185 1335 240 ἐκ
1372 185 1477 257 μὲν
1516 186 1617 243 τοῦ
1660 183 1897 262 οὐρανοῦ

291 272 542 349 κεραυνοὶ
567 268 790 329 αὐτοῖσι
817 271 1124 339 ἐνέπιπτον,
1154 268 1267 328 der&
1310 269 1371 328 δὲ
1405 274 1506 329 τοῦ
1544 276 1898 349 Παρνησσοῦ

289 359 696 439 ἀπορραγεῖσαι
723 357 820 416 δύο
849 359 1090 435 κορυφαὶ
1129 358 1397 433 ἐφέροντο
1433 362 1633 438 πολλῷ
1664 359 1900 442 πατάγῳ

291 454 344 511 ἐς
375 446 587 515 αὐτοῦς,
617 445 708 503 καὶ
751 446 1071 521 κατέλαβον
1107 444 1349 524 συχνούς
1384 451 1591 521 σφεων,
1624 452 1684 505 ἐκ
1712 448 1773 506 δὲ
1798 454 1899 509 τοῦ

291 539 413 612 ἱροῦ
449 538 550 609 τῆς
592 535 872 611 Προνηΐης
903 533 1022 609 βοή
1063 560 1125 593 τε
1168 534 1259 591 καὶ
1297 532 1631 611 ἀλαλαγμὸς
1668 535 1899 616 ἐγίνετο.

197 629 271 685 38
293 623 687 704 Συμμιγέντων
727 622 788 681 δὲ
825 621 1032 682 τούτων
1072 622 1307 693 πάντων,
1339 622 1528 697 φόβος
1563 625 1717 682 τοῖσι
1756 626 1900 703 βαρ-

276 712 516 790 βάροισι
565 709 950 770 ἐνεπεπτώκεε·
992 710 1265 787 μαθόντες
1307 710 1366 767 δὲ
1411 712 1464 768 οἱ
1500 712 1726 786 Δελφοὶ
1766 713 1901 788 φεύ-

287 799 489 881 γοντάς
532 805 732 875 σφεας,
769 798 1207 875 ἐπικαταβάντες
1240 796 1567 858 ἀπέκτειναν
1590 800 1811 875 πλῆθός
1846 827 1901 861 τι

291 889 489 949 αὐτῶν·
587 890 640 946 οἱ
693 887 752 945 δὲ
803 886 1113 963 περιεόντες
1180 886 1267 945 ἶθύ
1326 890 1584 947 Βοιωτῶν
1646 888 1899 969 ἔφευγον.

294 978 488 1058 ἔλεγον
525 976 585 1034 δὲ
621 978 674 1033 οἱ
711 973 1203 1051 ἀπονοστήσαντες
1233 970 1386 1033 οὗτοι
1422 978 1531 1033 τῶν
1565 975 1899 1053 βαρβάρων,

296 1064 364 1127 ὥς
394 1063 500 1143 ἐγὼ
527 1061 890 1138 πυνθάνομαι,
913 1062 983 1125 ὥς
1009 1061 1151 1138 πρὸς
1169 1060 1423 1121 τούτοισι
1450 1061 1543 1119 καὶ
1570 1061 1725 1121 ἄλλα
1753 1063 1903 1141 ὥρων

227 1184 234 1191 -
293 1152 432 1211 θεῖα·
489 1150 588 1209 δύο
627 1149 738 1230 γοὶρ
779 1149 1016 1211 ὁπλίτας
1062 1150 1297 1225 μέζονας
1336 1147 1373 1224 ἢ
1418 1149 1557 1209 κατοὶ
1602 1149 1901 1228 ἀνθρώπων

294 1237 470 1313 φύσιν
492 1239 718 1315 ἔχοντας
739 1236 978 1297 ἕπεσθαί
999 1243 1128 1313 σφι,
1149 1238 1459 1299 κτείνοντας
1476 1237 1569 1295 καὶ
1589 1238 1899 1303 διώκοντας.

199 1329 273 1387 39
293 1325 532 1387 Τούτους
551 1325 610 1383 δὲ
637 1324 766 1387 τοῦς
786 1324 884 1383 δύο
903 1325 1128 1400 Δελφοὶ
1156 1326 1391 1405 λέγουσι
1414 1324 1552 1385 εἶναι
1581 1328 1903 1405 ἐπιχωρίους

291 1413 488 1490 ἥρωας,
508 1484 512 1488 ⁴
531 1412 794 1472 Φύλακόν
833 1439 896 1473 τε
937 1414 1029 1471 καὶ
1070 1412 1371 1483 Αὐτόνοον,
1415 1418 1525 1473 τῶν
1562 1413 1637 1473 τὰ
1675 1414 1904 1491 τεμένεᾶ.

295 1508 416 1563 ἐστι
443 1501 570 1579 περὶ
595 1500 662 1561 τὸ
691 1500 824 1579 ἱρόν,
856 1501 1117 1561 Φυλάκου
1150 1505 1253 1579 μὲν
1280 1501 1410 1579 παρ’
1438 1500 1612 1578 αὐτὴν
1646 1502 1751 1579 τήν
1776 1502 1904 1564 ὁδὸν

297 1589 602 1668 κατύπερθε
660 1594 762 1649 τοῦ
813 1592 936 1667 ἱροῦ
999 1592 1100 1665 τῆς
1156 1591 1451 1666 Προνηίης,
1509 1588 1791 1651 Αὐτονόου
1844 1592 1905 1651 δὲ

293 1680 472 1741 πέλας
523 1683 623 1755 τῆς
670 1679 1014 1755 Κασταλίης,
1061 1677 1173 1737 im?
1220 1682 1291 1756 τῇ
1336 1676 1615 1758 εΥαμ.πείῃ
1665 1684 1903 1758 κορυφῇ.

298 1770 352 1826 οἱ
378 1768 438 1826 δὲ
468 1767 738 1830 πεσόντες
762 1766 874 1826 (ἷπὸ
906 1770 1007 1826 τοῦ
1035 1765 1393 1844 Παρνησσοῧ
1426 1767 1581 1827 λίθοι
1616 1768 1695 1827 ἔτι
1733 1769 1825 1826 καὶ
1852 1773 1906 1830 ἐς

292 1854 467 1932 ἡμέας
518 1855 667 1930 ἦσαν
726 1855 870 1924 σόοι,
934 1860 992 1914 ἐν
1053 1858 1129 1933 τῷ
1190 1856 1403 1931 τεμένεϊ
1464 1859 1566 1930 τῆς
1623 1856 1906 1932 Προνηίης

294 1942 592 2019 Ἀθηναίης
635 1943 886 2018 κείμενοι,
927 1947 983 2005 ἐς
1021 1938 1098 2001 τὸ
1129 1942 1443 2020 ἐνέσκηψαν
1484 1941 1575 2000 διὰ
1614 1946 1725 2002 τῶν
1762 1943 1904 2020 βαρ-

290 2029 488 2107 βάρων
543 2029 858 2106 φερόμενοι.
937 2028 1147 2089 τούτων
1211 2031 1317 2106 μέν
1376 2054 1473 2089 νυν
1530 2032 1641 2090 τῶν
1693 2029 1907 2108 ἀνδρῶν

295 2116 434 2192 αὕτη
463 2117 574 2176 οἷπᾶ
588 2121 702 2176 ,τοῦ
733 2119 852 2193 ἱροῦ
880 2115 1189 2197 ἀπαλλαγὴ
1217 2117 1445 2197 γίνεται.

199 2208 278 2266 40
375 2203 444 2262 Ὃ
514 2205 574 2263 δὲ
640 2203 929 2280 Ἑλλήνων
997 2205 1249 2268 ναυτικὸς
1303 2205 1561 2282 ,στρατὸς
1627 2204 1740 2266 ‹in-<3
1804 2208 1907 2266 τοῦ

293 2291 670 2369 Ἀρτεμισίου,
737 2291 1044 2368 Ἀθηναίων
1110 2292 1429 2368 δεηθέντων,
1484 2297 1540 2355 ἐς
1609 2295 1906 2370 Σαλαμῖνα

297 2381 554 2458 κατίσχει
578 2379 678 2443 τᾶς
693 2384 858 2456 ννῆας.
940 2381 1108 2441 τῶνδε
1148 2381 1209 2440 δὲ
1236 2381 1415 2440 εἵνεκα
1440 2381 1907 2459 προσεδεήθησαν

297 2466 478 2528 αὐτῶν
523 2471 687 2546 σχεῖν
725 2468 868 2545 πρὸς
915 2471 1209 2545 Σαλαμῖνα
1248 2467 1553 2544 Ἀθηναῖοι,
1612 2469 1700 2528 ἵνα
1748 2468 1906 2528 αὐτοὶ

297 2554 498 2619 παῖδάς
562 2581 626 2615 τε
694 2557 788 2615 καὶ
851 2560 1114 2638 γυναῖκας
1174 2555 1629 2638 ὑπεξαγάγωνται
1687 2561 1747 2615 ἐκ
1806 2561 1907 2633 τῆς

297 2643 570 2720 Ἀττικῆς,
620 2643 760 2722 πρός
808 2645 868 2703 δὲ
915 2646 1004 2704 καὶ
1055 2642 1483 2720 βουλεύσωνται
1529 2643 1596 2704 τὰ
1643 2645 1906 2720 ποιητέον

299 2731 522 2792 αὐτοῖσι
550 2734 728 2793 ἔσται.
811 2733 900 2792 ἐπὶ
931 2733 1041 2812 γὰρ
1077 2736 1230 2792 τοῖσι
1269 2733 1575 2808 κατήκουσι
1605 2731 1906 2812 πρήγμασι

298 2819 522 2896 βουλήν
549 2822 792 2897 ἔμελλον
816 2821 1177 2895 ποιήσεσθαι,
1207 2819 1278 2883 ὦς
1305 2820 1638 2897 ἐψευσμένοι
1662 2819 1904 2900 γνώμης·

300 2907 580 2972 δοκέοντες
604 2909 716 2990 γὰρ
745 2908 1000 2986 εὑρήσειν
1021 2909 1519 2984 Πελοποννησίους
1542 2907 1819 2983 πανδημεὶ
1847 2911 1907 2967 ἐν

299 2999 372 3072 τῇ
411 2997 650 3075 Βοιωτίῃ
687 2996 1135 3072 ὑποκατημένους
1168 2997 1269 3055 τὸν
1302 2995 1621 3073 βάρβαρον,
1653 2998 1765 3054 τῶν
1802 2996 1907 3071 μὲν

301 3079 462 3159 εὗρον
511 3083 667 3143 οὐδὲν
720 3084 827 3157 ε’ὂν,
879 3087 932 3142 οἶ
987 3084 1046 3142 δὲ
1101 3083 1469 3142 ἐπυνθάνοντο
1522 3082 1620 3142 τᾶν
1670 3081 1908 3159 Ἰσθμόν

303 3168 502 3230 αὐτοῦς
565 3173 895 3251 τειχέοντας,
965 3171 1056 3228 καὶ
1108 3169 1213 3244 τὴν
1277 3168 1717 3244 Πελοπόννησον
1776 3169 1907 3246 περὶ
1984 3232 1989 3236 ,

304 3255 579 3314 πλείστου
649 3259 1007 3333 ποιευμένους
1071 3256 1346 3330 περιεῖναί
1410 3280 1475 3314 τε
1543 3256 1636 3314 καὶ
1698 3254 1909 3327 ταύτην
