2259 3500
287 110 380 157 216
897 107 1259 157 ΉΡοΔοτοτ
1734 108 1883 173 [vn.

285 191 386 247 τοῦ
412 186 706 267 γεγονότος
732 187 991 264 βασιλέϊ·
1033 185 1181 246 ὥστε
1206 190 1382 246 ταῦτα
1386 187 1681 294 Αλέγοντες,
1709 214 1887 265 περιε-

287 276 524 355 γίνοντο·
554 275 706 354 εἶχον
732 302 842 386 γαρ
863 276 954 335 καὶ
975 274 1310 337 Θεσσαλους
1335 278 1445 334 τῶν
1472 275 1659 356 λόγων
1681 277 1887 337 τούτων

287 362 586 439 μάρτυρας·
643 364 706 422 οὗ
748 364 938 441 μέντοι
978 363 1048 422 τά
1094 390 1162 444 γε
1201 362 1386 423 πάντα
1430 362 1761 441 εὐτύχησαν·
1820 365 1889 429 ὥς

287 477 397 532 γαρ
425 450 622 514 αὐτοὺς
649 453 862 527 ἔλαβον
897 455 950 510 οἱ
990 452 1283 529 βάρβαροι
1322 451 1605 521 ἐλθόντας,
1633 478 1762 515 τους
1786 456 1890 529 μέν

288 564 440 602 τινας
488 540 578 598 καὶ
618 538 944 599 ἀπέκτειναν
983 538 1337 616 προσιόντας,
1380 539 1510 602 τούς
1548 540 1609 599 δὲ
1646 544 1890 605 πλεῦνας

289 625 482 701 αὐτῶν,
527 626 892 690 κελεύσαντος
933 627 1165 703 Ξέρξεω,
1202 626 1418 696 ἔστιζον
1460 628 1742 707 στίγματα
1780 630 1886 704 βα-

291 715 508 790 σιλήῖα,
549 715 848 792 ἀρξάμενοι
887 714 1000 774 ἀπὸ
1032 719 1132 774 τοῦ
1168 717 1489 795 στρατηγοῦ
1530 716 1885 775 Λεοντιάδεω·

289 806 389 861 τοῦ
425 802 524 862 τόν
559 803 732 863 παῖδα
763 802 1098 881 Εὐρύμαχον
1134 801 1319 881 χρόνῳ
1345 804 1639 878 μετέπειτα
1667 802 1888 878 ἐφόνευ-

289 917 401 951 σαν
448 892 776 961 Πλαταιέες,
833 889 1309 971 στρατηγῆσαντα.
1362 890 1571 967 ἀνδρῶν
1624 892 1889 967 Θηβαίων

289 980 657 1055 τετρακοσίων
686 980 777 1038 καὶ
804 979 1019 1057 σχόντα
1045 978 1112 1039 τὸ
1140 978 1285 1037 ἄστυ
1311 977 1377 1038 τὸ
1406 978 1747 1039 Πλαταιέων.

195 1067 316 1124 234
388 1070 462 1125 Οἱ
485 1069 588 1142 μὲν
613 1066 682 1142 δη
713 1067 841 1144 περὶ
873 1066 1244 1143 Θερμοπύλας
1266 1066 1546 1141 Ἕλληνες
1580 1066 1722 1126 οὕτω
1746 1066 1887 1149 ἤγω-

290 1154 539 1213 νίσαντο·
608 1154 818 1231 Ξέρξης
867 1154 927 1212 δὲ
980 1156 1228 1216 καλέσας
1276 1153 1633 1230 Δημάρητον,
1695 1155 1889 1231 εἰρώτα

294 1239 600 1317 ἀρξάμενος
641 1240 872 1301 ἐνθένδε·
929 1252 964 1276 “
982 1242 1301 1319 Δημάρητε,
1352 1241 1493 1318 α’,νηρ
1536 1241 1616 1304 εἷς
1660 1240 1887 1324 οἷγαθός·

289 1330 654 1405 τεκμαίρομαι
686 1328 745 1386 δὲ
785 1333 857 1407 τῇ
893 1328 1158 1407 ἇληθηΐῃ·
1207 1328 1321 1389 ὅσα
1352 1355 1461 1410 γαρ
1502 1328 1675 1400 ειπας,
1718 1356 1888 1391 απαν-

288 1442 360 1474 τα
399 1414 587 1491 ἀπέβη
616 1416 774 1475 οὕτω·
828 1421 925 1476 νῦν
952 1417 1108 1494 δέμοι
1138 1419 1270 1488 εἰπὲ,
1318 1417 1482 1477 κόσοι
1521 1419 1664 1480 τινές
1698 1422 1809 1477 εἶσι
1836 1422 1891 1478 οἱ

289 1499 482 1563 λοιπὸὶ
534 1504 980 1582 Λακεδαιμόνιοι,
1026 1506 1116 1563 καὶ
1160 1504 1367 1565 τούτων
1408 1503 1605 1567 ὁκόσοι
1646 1510 1889 1566 τοιοῦτοι

288 1592 359 1651 τὰ
410 1594 672 1669 πολέμια,
729 1594 836 1653 εἴτε
893 1592 984 1652 καὶ
1031 1593 1271 1656 ἅπαντες
1282 1592 1328 1662 ;”
1398 1593 1431 1652 ὅ
1480 1592 1526 1652 δ’
1584 1592 1721 1653 εἶπε·
1794 1602 1829 1629 “
1848 1592 1889 1653 ὦ

288 1680 558 1756 βασιλεῦ,
607 1684 820 1759 πλῆθος
870 1683 974 1760 μὲν
1024 1681 1243 1741 πάντων
1288 1684 1398 1741 τῶν
1442 1680 1888 1758 Λακεδαιμονίων

291 1770 511 1830 πολλὸν
555 1771 647 1829 καὶ
688 1771 855 1834 πόλις
897 1771 1129 1839 πολλαὶ,
1173 1769 1239 1829 τό
1285 1770 1344 1828 δὲ
1383 1770 1567 1832 θέλεις
1602 1770 1889 1846 ἐκμαθέειν

291 1857 544 1934 εἰδήσεις·
607 1860 728 1918 ἔστι
783 1864 840 1918 ἐν
881 1861 953 1936 τῇ
997 1857 1369 1932 Λακεδαίμονι
1423 1856 1671 1934 Σπάρτη,
1720 1857 1889 1922 πόλις

289 1944 501 2022 ἀνδρῶν
527 1945 958 2024 ὀκτακισχιλίων
976 1943 1231 2021 μάλιστά
1257 1971 1345 2020 κη·
1376 1941 1528 2004 οὗτοι
1554 1939 1755 2008 πάντες
1777 1947 1887 2005 εἶσὶ

289 2031 476 2108 ομοῖοι
500 2035 652 2092 τοῖσι
687 2031 878 2093 ἐνθάδε
903 2033 1477 2110 μαχεσαμένοισι·οἴ
1495 2058 1563 2113 γε
1588 2035 1691 2108 μὲν
1717 2031 1888 2092 ἄλλοι

290 2118 718 2196 Λακεδαιμόνιοι
751 2145 1004 2179 τουτοισι
1035 2122 1139 2195 μὲν
1176 2118 1275 2178 οὐκ
1310 2119 1510 2194 ομοῖοι,
1540 2118 1743 2200 α’γαθοὶ
1774 2119 1883 2179 δέ.”
1938 2173 1943 2178 .

288 2206 410 2264 ειπε
449 2232 590 2283 προς
628 2207 803 2265 ταῦτα
844 2206 1072 2282 Ξέρξης·
1132 2217 1167 2241 “
1187 2206 1507 2283 Δημάρητε,
1546 2207 1651 2265 τέω
1697 2207 1883 2288 τρόπω

288 2292 678 2369 ἀπονητότατα
729 2298 839 2354 τῶν
891 2293 1102 2372 ἀνδρῶν
1156 2294 1363 2353 τούτων
1416 2295 1882 2372 ἐπικρατήσομενς

287 2382 364 2442 ἴθι
405 2382 619 2463 ἐξηγέο·
663 2409 736 2442 συ
775 2408 886 2463 γαρ
929 2384 1070 2462 ἔχεις
1109 2381 1291 2443 αυτῶν
1328 2408 1429 2446 τας
1468 2382 1746 2452 διεξόδους
1777 2388 1887 2444 τῶν

193 2471 308 2527 235
327 2468 743 2546 βουλευμάτων,
799 2497 889 2530 οια
942 2471 1226 2546 βασιλευς
1276 2469 1617 2551 γενόμενοςῇ
1704 2471 1773 2530 O
1828 2472 1885 2531 δὲ

285 2556 573 2634 ἀμειβετο·
616 2557 711 2617 “ὦ
737 2560 1004 2634 βασιλεῦ,
1037 2563 1084 2616 εἰ
1109 2560 1213 2634 μὲν
1239 2558 1307 2633 δή
1346 2557 1771 2635 συμβουλευεαί
1787 2585 1887 2634 μοι

285 2645 595 2724 προθύμως,
625 2645 836 2707 δικαιόν
860 2647 936 2724 μέ
967 2647 1070 2707 σοί
1098 2650 1223 2706 ἐστι
1260 2646 1493 2722 φράζειν
1528 2672 1594 2705 το
1632 2646 1884 2721 ἄριστον.

285 2737 332 2791 εἰ
367 2738 467 2808 τῆς
502 2739 758 2811 ναυτικῆς
799 2739 1069 2812 στρατιῆς
1103 2735 1229 2796 νέας
1266 2734 1589 2809 τριηκοσίας
1624 2732 1885 2792 ἀποστεί-

283 2824 438 2885 λειας
479 2824 572 2881 ἐπὶ
609 2823 713 2898 τὴν
765 2822 1050 2882 Λάκαιναν
1089 2821 1296 2899 χώρην·
1352 2821 1474 2879 ἔστι
1514 2820 1574 2878 δὲ
1618 2819 1704 2878 ἐπ’
1746 2819 1887 2898 αὐτῇ

283 2909 457 2982 νῆσος
519 2909 832 2984 ἐπικειμένη
898 2913 970 2986 τῇ
1027 2906 1236 2985 οὔνομά
1292 2911 1413 2967 ἐστι
1476 2906 1728 2984 Κύθηρα,
1782 2907 1886 2982 τὴν

286 2995 496 3064 Χίλων,
524 2994 665 3073 ανὴρ
691 2995 886 3073 παρ’
849 2999 984 3072 ημῖν
1011 2994 1345 3070 σοφωτατος
1362 2992 1672 3073 γενόμενος,
1696 2994 1885 3071 κέρδος

283 3081 467 3157 μέζον,
505 3085 630 3159 ἔφη,
675 3109 814 3143 ειναι
856 3083 1244 3159 Σπαρτιήτῃσι
1281 3107 1423 3140 κατα
1456 3084 1557 3156 τῆς
1588 3080 1887 3157 θαλάσσης

286 3169 704 3230 καταδεδυκέναι
745 3175 970 3249 μᾶλλον
1011 3169 1048 3246 ἢ
1092 3169 1397 3246 υπερέχειν,
1444 3168 1556 3226 αἰει
1601 3193 1657 3226 τι
1708 3192 1885 3243 προσ-

285 3249 520 3311 δοκῶν’
483 3255 578 3315 απ’
605 3257 776 3332 αὐτῆς
800 3261 1020 3318 τοιοῦτο
1049 3257 1285 3316 ἔσεσθαι
1310 3251 1429 3313 οἷον
1450 3277 1507 3312 τι
1533 3253 1641 3329 ε’·γω
1666 3253 1885 3332 ἐξηγέο-
