2259 3500
351 113 630 177 ιιι-191]
969 113 1341 161 noA‘rMNIA.
1852 120 1947 169 199

277 190 282 195 ’
349 192 410 251 δὲ
435 197 492 255 ἐς
511 191 880 267 Κασθαναίην
905 191 1349 269 ἐξεβράσσοντο·
1388 192 1459 268 ἦν
1477 218 1539 253 τε
1558 197 1659 253 τοῦ
1682 200 1953 273 χειμῶνος

345 284 542 359 χρῆμα
568 279 874 358 ἀφόρητον.
956 281 1197 359 Λέγεται
1223 281 1281 339 δὲ
1313 280 1502 360 λόγος,
1532 280 1601 343 ὦς
1625 281 1909 359 Ἀθηναῖοι
1929 288 2041 345 189

345 369 446 427 τὸν
487 373 674 446 Βορῆν
715 373 774 427 ἐκ
823 368 1161 445 θεοπροπίου
1218 369 1646 440 ἐπεκαλέσαντο,
1690 369 1949 435 ἐλθόντος

347 464 458 532 σφι
499 457 682 516 ἄλλου
721 458 1068 535 χρηστηρίου
1101 456 1200 515 τᾶν
1240 456 1505 536 γαμβρὸν
1538 458 1828 535 ἐπίκουρον
1855 485 1947 517 κα-

345 546 649 605 λέσασθαι·
721 549 902 622 Βορῆς
951 544 1024 617 δὲ,
1079 545 1219 603 κατὰ
1270 542 1371 604 τὸν
1422 542 1709 620 Ἑλλήνων
1754 545 1945 628 λόγον,

347 634 460 711 ἔχει
517 637 754 714 γυναῖκα
806 630 1064 707 Ἀττικὴν
1115 632 1429 709 Ὠρείθυιαν
1480 631 1581 707 τήν
1633 634 1945 713 Ἐρεχθέος·

347 721 484 779 κατοὶ
523 721 590 795 δή
629 721 694 781 τὰ
735 721 897 796 κῆδος
928 725 1095 780 τοῦτο
1129 722 1182 779 οἱ
1213 718 1517 793 Ἀθηναῖοι,
1548 720 1618 784 ὦς
1654 722 1821 797 φάτις
1848 722 1947 801 ὥρ-

343 832 532 882 μηται,
590 808 1067 884 συμβαλλόμενοί
1119 814 1233 883 σφι
1284 807 1381 867 τὸν
1435 813 1623 885 Βορῆν
1682 812 1947 890 γαμβρόν

347 894 500 965 εἶναι,
558 898 954 975 ναυλοχέοντες
1003 900 1103 971 τῆς
1148 896 1401 972 Εὐβοίης
1455 901 1512 955 ἐν
1564 899 1821 967 Χαλκίδι,
1877 898 1947 963 ὥς

345 983 553 1058 ἔμαθον
585 984 888 1062 αὐξόμενον
924 984 1022 1045 τόν
1060 989 1324 1063 χειμῶνα,
1352 984 1412 1065 (ἢ
1440 986 1531 1044 καὶ
1558 985 1667 1063 πρὸ
1702 985 1945 1068 τούτου,)

343 1069 571 1132 ἐθύοντό
605 1100 668 1131 τε
703 1074 793 1131 καὶ
830 1075 1200 1133 ἐπεκαλέοντο
1241 1073 1341 1133 τόν
1382 1100 1443 1133 τε
1482 1078 1668 1150 Βορῆν
1710 1075 1801 1133 καὶ
1840 1074 1944 1151 τήν

340 1154 670 1235 Ὠρείθυιαν,
698 1163 1018 1238 τιμωρῆσαί
1047 1168 1161 1236 σφι
1194 1161 1285 1219 καὶ
1321 1162 1641 1239 διαφθεῖραι
1669 1166 1779 1222 τῶν
1801 1164 1942 1240 βαρ-

341 1245 535 1323 βάρων
573 1249 673 1311 τὰς
713 1249 853 1319 νέας,
896 1249 966 1313 ὥς
1007 1250 1099 1307 καὶ
1140 1249 1411 1327 πρότερον
1450 1252 1577 1326 περὶ
1608 1248 1814 1311 ”Αθων.
1898 1255 1945 1309 εἰ

341 1334 444 1408 μέν
497 1362 593 1396 νυν
646 1336 736 1395 διαὶ
778 1342 953 1397 ταῦτα
1004 1340 1159 1397 τοῖσι
1205 1337 1561 1415 βαρβάροισι
1602 1338 1870 1415 ὁρμέουσι
1910 1338 1941 1399 ὁ

343 1422 525 1498 βορῆς
567 1425 823 1495 ἐπέπεσε,
855 1425 953 1485 οὐκ
997 1427 1102 1504 ἔχω
1148 1428 1337 1485 εἰπεῖν·
1380 1429 1434 1485 οἱ
1470 1424 1515 1483 δ’
1560 1425 1632 1484 ὧν
1656 1424 1947 1501 Ἀθηναῖοί

343 1511 454 1583 σφι
495 1512 732 1591 λέγουσι
765 1513 1141 1589 βοηθήσαντα
1174 1514 1273 1573 τὸν
1305 1517 1493 1589 Βορῆν
1522 1512 1809 1589 πρότερον,
1850 1514 1943 1572 καὶ

341 1594 471 1655 τότε
521 1602 700 1657 ἐκεῖνα
747 1601 1225 1683 κατεργάσασθαι·
1294 1600 1385 1659 καὶ
1434 1599 1550 1676 ἱρὸν
1604 1599 1943 1665 ἀπελθόντες

343 1685 532 1762 Βορέω
562 1686 858 1765 ἱδρύσαντο
883 1690 1036 1769 παραὶ
1062 1687 1320 1768 ποταμόν
1343 1686 1613 1748 Ἰλισσόν.

438 1771 536 1834 Ἐν
561 1775 738 1856 τούτῳ
772 1783 850 1856 τῷ
877 1779 1028 1858 πόνῳ
1060 1781 1185 1842 νέας
1226 1778 1279 1838 οἳ
1321 1778 1624 1856 ἐλαχίστας
1664 1777 1899 1857 λέγουσι
1919 1781 2035 1838 190

341 1860 734 1942 διαφθαρῆναι,
755 1867 1157 1945 τετρακοσιέων
1184 1865 1283 1926 οὐκ
1312 1865 1629 1928 ἐλάσσονας
1654 1863 1854 1942 ἄνδρας
1879 1890 1941 1924 τε

339 1948 763 2029 αναριθμήτους,
801 1955 1102 2033 χρημάτων
1129 1982 1193 2016 τε
1228 1955 1449 2029 πλῆθος
1484 1952 1752 2028 ἄφθονον·
1794 1951 1941 2014 ὥστε

337 2035 692 2115 Ἀμεινοκλέί
713 2047 792 2121 τῷ
829 2044 1114 2120 Κρητίνεω
1148 2042 1307 2120 σ’,νδρὶ
1342 2041 1619 2154 Μάγνητι,
1646 2041 1941 2122 γηοχέοντι

335 2129 464 2204 περὶ
504 2130 776 2205 Σηπιάδα,
814 2131 1074 2212 μεγάλως
1103 2131 1143 2208 ἦ
1178 2131 1411 2240 ναυηγίη
1441 2129 1657 2210 ἐγένετο
1692 2129 1937 2242 χρηστή·

337 2239 399 2276 ος
429 2216 636 2275 πολλα
679 2243 784 2293 μεν
825 2218 1043 2296 χρύσεα.
1088 2218 1329 2296 ποτήρια
1372 2216 1586 2298 ὖστέρω
1625 2218 1807 2296 χρόνῳ
1854 2223 1937 2278 ἐκ·-

335 2301 716 2378 βρασσόμενα
742 2304 1010 2375 ἀνείλετο,
1030 2305 1226 2364 πολλα
1252 2303 1365 2364 δὲ’
1330 2304 1589 2385 αργύρεα·
1625 2304 1939 2384 θησαυρούς

335 2411 401 2444 τε
430 2413 540 2447 των
566 2392 836 2467 Περσέων
875 2390 1015 2469 εὗρε,
1041 2391 1197 2452 αλλα
1234 2419 1298 2452 τε
1334 2392 1550 2470 χρύσεα.
1580 2392 1773 2468 ἄφατα
1801 2393 1937 2472 χρή-

336 2497 488 2548 ματα
513 2477 944 2555 περιεβάλλετο.
1029 2479 1183 2559 (ἀλλ’
1222 2480 1253 2540 ὁ
1288 2482 1393 2556 μὲν
1424 2479 1615 2539 τᾶλλα
1648 2478 1749 2539 οὐκ
1782 2479 1933 2541 εὔτυ-

334 2560 495 2638 χέων,
534 2562 810 2641 εὑρήμασι
843 2566 993 2648 μέγα
1027 2567 1305 2631 πλούσιος
1340 2567 1574 2648 ἐγένετο·
1615 2566 1685 2642 ἦν
1716 2567 1827 2648 γάρ
1851 2595 1936 2632 τις

336 2648 428 2706 καὶ
449 2655 668 2734 ,τοῦτον
709 2652 908 2731 ἄχαρις
943 2655 1215 2732 συμφορή
1255 2657 1515 2714 λυπεῦσα
1548 2653 1933 2736 παιδοφόνος.)

335 2734 670 2820 Σιταγωγῶν
721 2742 780 2800 δὲ
832 2741 1084 2817 ὁλκάδων
1139 2742 1231 2801 καὶ
1275 2745 1385 2802 τῶν
1438 2739 1629 2800 ἄλλων
1679 2741 1891 2802 πλοίων
1913 2745 2020 2802 191

334 2822 804 2904 διαφθειρομένων
841 2829 941 2890 σῦκ
981 2834 1122 2906 ἐπῆν
1156 2827 1408 2907 ἀριθμός·
1466 2826 1610 2888 ὥστε
1652 2827 1933 2892 δείσαντες

333 2914 386 2970 οἶ
411 2916 723 2997 στρατηγοὶ
746 2921 846 2976 τοῦ
870 2922 1128 2979 ναυτικοῦ
1160 2919 1406 2995 στρατοῦ
1435 2915 1517 2992 μή
1552 2921 1667 2992 σφι
1698 2939 1931 2975 κεκακω-

329 3000 554 3074 μένοισι
600 3005 920 3076 ἐπιθέωνται
959 3009 1014 3066 οἶ
1051 3004 1361 3076 Θεσσαλοὶ,
1408 3003 1565 3080 ἕρκος
1600 3000 1823 3080 ὕψηλόν
1868 3008 1929 3063 ἐκ

327 3111 440 3148 των
479 3092 754 3172 ναυηγίων
796 3094 1223 3171 περιεβάλοντο·
1278 3090 1487 3167 ἡμέρας
1526 3090 1635 3170 γὰρ
1676 3089 1747 3164 δη
1789 3093 1927 3170 ἐχεί-

326 3177 470 3252 μαζε
493 3183 660 3256 τρεῖς·
699 3181 865 3245 τέλος
889 3181 1024 3253 δὲ*
995 3182 1197 3260 εντομά
1215 3205 1277 3240 τε
1296 3181 1575 3238 ποιεῦντες
1602 3177 1695 3235 καὶ
1716 3180 1929 3238 καταεί-

325 3261 516 3330 δοντες
539 3267 714 3348 γόησι
748 3272 825 3348 τῷ
849 3268 1034 3348 οἷνέμῳ
1067 3273 1121 3329 οἱ
1153 3267 1367 3346 Μάγοι,
1392 3261 1533 3338 πρός
1566 3289 1629 3323 τε
1660 3290 1925 3337 τουτοισι,
