2259 3500
323 120 419 173 278
928 118 1297 169 ἫΡοΔοτιόΤ
1738 116 1921 179 [vm.

322 200 608 261 πείθεσθε·
649 203 872 259 πολλοῦ
897 198 1006 279 γοὶρ
1033 197 1166 275 ὖμῒν
1192 196 1321 267 ἄξια
1344 199 1535 265 ταῦτα,
1564 198 1628 253 εἷ.4
1646 196 1927 271 βασιλεύς

323 314 393 369 γε
423 287 457 347 ὅ
493 289 670 369 μέγας
705 285 964 363 μούνοισι
999 284 1130 363 ὑμῖν
1164 282 1454 360 Ἑλλήνων
1478 282 1579 346 τὰς
1605 282 1925 361 ἁμαρτάδας

325 375 504 439 οἷπιεὶς
532 376 712 435 ἐθέλει
739 376 908 450 φίλος
933 372 1249 455 γενέσθαι.”

233 465 343 525 141
429 463 795 539 Ἀλέξανδρος
821 465 923 539 μὲν
947 464 1124 527 ταῦτα
1158 461 1330 529 ἔλεξε·
1412 461 1840 537 Λακεδαιμόνιοι
1866 461 1926 520 δὲ

308 551 629 627 πυθόμενοι
647 549 798 625 ἥκειν
817 549 1185 625 Ἀλέξανδρον
1206 554 1259 611 ἐς
1283 547 1523 623 Ἀθήνας
1544 553 1598 611 ἐς
1617 547 1925 629 ὁμολογίην

325 637 532 707 ἄξοντα
556 641 633 716 τῷ
659 638 939 716 βαρβάρῳ
964 636 1307 713 Ἀθηναίους,
1338 634 1783 712 ἀναμνησθέντες
1814 640 1923 696 τῶν

329 727 551 807 λογίων,
581 724 651 789 ὥς
677 733 861 801 σφεας
886 723 1054 803 χρεόν
1081 729 1204 783 ἐστι
1230 723 1347 800 ἅμα
1371 726 1525 782 τοῖσι
1552 720 1789 783 ἄλλοισι
1804 730 1923 781 Δω-

325 819 508 891 ριεῦσι
529 814 812 874 ἐκπίπτειν
832 816 892 873 ἐκ
912 810 1356 887 Πελοποννήσου
1374 809 1485 870 fin&
1512 810 1721 886 Μήδων
1744 837 1806 869 τε
1832 813 1922 871 καὶ

325 901 648 979 Ἀθηναίων,
694 901 868 978 κάρτα
907 926 971 960 τε
1014 900 1232 961 ἔδεισαν
1272 900 1353 976 μὴ
1398 898 1802 979 ὁμολογήσωσι
1846 905 1922 979 τῷ

309 992 530 1069 .Πέρσῃ
549 989 853 1065 Ἀθηναῖοι,
875 986 1072 1048 αὐτίκα
1095 988 1162 1048 τέ
1186 992 1299 1062 σφι
1326 987 1477 1055 ἔδοξε
1502 986 1739 1063 πέμπειν
1760 986 1921 1068 ἀγγέ-

325 1080 480 1141 λους·
519 1078 609 1137 καὶ
647 1076 715 1153 δή
749 1077 1053 1137 συνέπιπτε
1093 1076 1240 1137 ὥστε
1272 1074 1417 1153 ὁμοῦ
1446 1072 1637 1149 σφέων
1666 1075 1921 1154 ’γίνεσθαι

328 1163 432 1239 τὴν
468 1164 834 1223 κατάστασιν·
880 1164 1239 1239 ἐπανέμειναν
1266 1162 1378 1243 γὰρ
1406 1165 1459 1221 οἶ
1490 1161 1776 1237 Ἀθηναῖοι
1808 1162 1920 1225 δια·-

327 1252 634 1328 τρίβοντες,
653 1250 713 1311 εὖ
739 1250 1100 1328 ἐπιστάμενοι
1126 1249 1214 1310 ὅτι
1241 1252 1479 1326 ἔμελλον
1498 1250 1920 1327 Λακεδαιμόνιοι

326 1339 638 1399 πεύσεσθαι
672 1338 880 1414 ἥκοντα
910 1339 1064 1416 παρὰ
1091 1342 1193 1399 τοῦ
1224 1337 1528 1415 βαρβάρου
1559 1338 1803 1419 ἄγγελον
1836 1340 1919 1398 ἐπ’

329 1426 965 1508 ὁμολογίῃ,ςα-υθόμενοί
995 1453 1058 1486 τε
1093 1428 1338 1504 πέμψειν
1371 1424 1512 1487 κατὰ
1547 1426 1718 1504 τάχος
1758 1425 1920 1508 οἷγγέ-

327 1518 482 1579 λους·
525 1515 773 1591 ἐπίτηδες
797 1515 873 1575 ὦν
891 1514 1123 1585 ἐποίευν,
1153 1514 1270 1573 ἐνδε
1374 1514 1391 1535 ’
1437 1538 1547 1573 ενοι
1570 1518 1721 1573 τοῖσι
1745 1520 1919 1573 Λακε-

237 1604 350 1663 142
371 1603 706 1681 δαιμονίοισι
732 1602 836 1679 τὴν
875 1606 1084 1664 ἑωυτῶν
1112 1601 1305 1683 γνώμη
1444 1608 1525 1664 Ως
1550 1602 1610 1660 δὲ
1638 1600 1920 1663 ἐπαύσατο

315 1692 510 1774 λέγων
519 1691 904 1769 Ἀλέξανδρος,
925 1690 1303 1767 διαδεξάμενοι
1320 1691 1513 1772 ἔλεγον
1530 1692 1584 1747 οἱ
1602 1687 1715 1747 α’,πὸ
1736 1688 1919 1767 Σπάρ-

327 1806 428 1857 της
452 1779 706 1862 ἄγγελοι·
775 1791 808 1816 “
824 1779 1000 1856 ἧμέας
1025 1780 1084 1839 δὲ
1111 1781 1365 1856 ἔπεμψαν
1388 1775 1815 1854 Λακεδαιμόνιοι
1838 1778 1921 1837 δε-

329 1869 638 1945 ησομένους
662 1867 858 1945 ὖμέων,
885 1867 1028 1944 μήτε
1060 1866 1323 1944 νεώτερον
1348 1866 1554 1928 ποιέειν
1583 1865 1756 1943 μηδὲν
1782 1867 1922 1926 κατὰ

329 1955 433 2032 τὴν
455 1955 725 2026 Ἐλλάδα,
742 1954 884 2033 μήτε
909 1954 1115 2036 λόγους
1142 1954 1458 2016 ἐνδέκεσθαι
1482 1953 1635 2032 παραὶ
1660 1958 1761 2014 τοῦ
1780 1955 1918 2033 βαρ-

329 2042 534 2120 βάρου·
564 2042 690 2103 οὔτε
713 2042 826 2124 γοῖρ
854 2042 1064 2101 δίκαιον
1087 2041 1340 2119 οὐδαμῶς
1360 2040 1488 2102 οὕτε
1514 2041 1729 2119 κόσμον
1750 2043 1923 2120 φέρον

331 2131 457 2190 οὔτε
483 2156 550 2211 γε
575 2129 811 2192 ἄλλοισι
835 2128 1122 2205 Ἑλλήνων
1151 2129 1463 2208 οὐδαμοῖσι,
1492 2129 1625 2207 ὖμῖν
1650 2130 1710 2190 δὲ
1736 2130 1803 2206 δή
1832 2132 1923 2190 καὶ

333 2216 425 2276 διδ.
463 2217 685 2277 πάντων
725 2217 948 2293 ἥκιστα,
993 2219 1225 2276 πολλῶν
1265 2218 1461 2276 εἵνεκα·
1522 2218 1766 2300 ἐγείρατε
1811 2218 1923 2299 γοῖρ

330 2304 492 2364 τόνδε
527 2304 626 2364 τὸν
653 2304 905 2382 πόλεμον
935 2303 1106 2381 ὖμεῖς,
1142 2304 1301 2366 οὐδὲν
1328 2303 1515 2382 ἧμέων
1543 2307 1921 2384 βουλομένων,

335 2392 428 2451 καὶ
453 2392 580 2469 περὶ
609 2396 709 2468 τ-ἣς
733 2392 998 2470 ὗμετέρης
1025 2392 1203 2476 ἀρχῆς
1230 2392 1263 2454 ὅ
1288 2391 1439 2475 ἅγῶν
1466 2394 1701 2474 ἐγένετο·
1742 2399 1841 2454 νῦν
1867 2393 1925 2453 δὲ

335 2481 495 2558 φέρει
522 2481 614 2540 καὶ
642 2486 696 2545 ἐς
721 2485 914 2542 πᾶσαν
937 2481 1042 2558 τὴν
1065 2481 1339 2542 Ἑλλάδα.
1420 2481 1608 2544 ἄλλως
1633 2508 1693 2540 τε
1720 2482 1927 2542 τούτων

333 2568 590 2630 ἁπάντων
616 2570 821 2632 αἰτίους
845 2571 1110 2650 γένεσθαι
1138 2567 1480 2644 δουλοσύνης
1504 2574 1658 2629 τοῖσι
1672 2569 1929 2646 Ἕλλησι

333 2655 674 2734 Ἀθηναίους,
709 2657 959 2735 οὐδαμῶς
993 2656 1324 2736 ἀνασχετόν·
1380 2657 1576 2721 οἵτινες
1602 2657 1707 2716 αἰεὶ
1741 2661 1833 2717 καὶ
1862 2657 1928 2716 τὸ

337 2745 517 2818 πάλαι
542 2746 812 2821 φαίνεσθε
839 2745 1091 2808 πολλοὺς
1116 2743 1585 2822 ἐλευθερώσαντες
1609 2744 1929 2823 ἀνθρώπων·

335 2833 739 2910 πιεζευμένοισι
763 2833 952 2910 μέντοι
979 2829 1109 2908 ὑμῖν
1134 2831 1549 2910 συναχθόμεθα,
1573 2833 1664 2892 καὶ
1690 2833 1776 2893 ὅτι
1805 2860 1933 2911 καρ-

335 2923 457 2980 πῶν
501 2919 838 2996 ἐστερήθητε
879 2917 1041 2988 διξῶν
1080 2917 1189 2995 ἤδη
1242 2921 1335 2978 καὶ
1386 2921 1473 2980 ὅτι
1519 2921 1933 2999 οἰκοφθόρησθε

337 3006 542 3085 χρόνον
572 3005 679 3082 ἤδη
720 3005 960 3066 πολλόν·
1001 3004 1124 3065 ἀντὶ
1158 3005 1366 3067 τούτων
1396 3008 1455 3066 δὲ
1494 3007 1625 3084 ὗμῖν
1663 3009 1933 3067 Λακεδαι-

337 3093 528 3170 μόνιοί
559 3117 620 3152 τε
656 3093 749 3151 καὶ
783 3096 837 3151 οἱ
870 3091 1166 3170 σύμμαχοι
1198 3095 1645 3174 ἐπαγγέλλονται
1670 3094 1935 3176 γυναῖκάς

338 3205 402 3239 τε
445 3181 538 3238 καὶ
579 3180 651 3238 τοὶ
695 3185 749 3243 ἐς
791 3180 1045 3256 πόλεμον
1090 3178 1351 3258 ἄχρηστα
1404 3182 1652 3241 οἰκετέων
1697 3183 1936 3262 ἐχόμενα

341 3265 526 3328 πάντα
553 3267 884 3343 ἐπιθρέψειν,
905 3265 1020 3326 ἔστ’
1045 3264 1114 3326 ἂν
1142 3267 1174 3326 ὁ
1200 3268 1447 3344 πόλεμος
1472 3267 1567 3328 ὅδε
1592 3269 1936 3346 συνεστήκῃ.
