2259 3500
305 112 404 163 210
907 106 1272 155 ‘HPOAO'ro‘r
1754 104 1906 169 [v11.

305 190 374 252 τὸ
399 189 562 268 οὖρος
585 191 699 249 πᾶν
721 186 814 247 ἐόν
840 186 1016 264 δρυῶν
1035 185 1323 245 ἐπίπλεον·
1354 182 1425 261 ἦν
1449 186 1555 262 μὲν
1574 184 1643 261 δή
1664 187 1911 263 νηνεμίη,

307 278 500 357 ψόφου
547 276 606 335 δὲ
644 276 936 356 γινομένου
983 277 1207 333 πολλοῦ
1252 272 1323 335 ὥς
1370 272 1519 335 οἰκός
1566 271 1639 349 ἦν
1677 273 1913 348 φύλλων

307 364 727 443 ὖποκεχυμένων
770 362 880 423 ὖπό
920 367 1074 422 τοῖσι
1119 362 1279 429 ποσὶ,
1322 359 1429 420 <ivd
1473 386 1534 420 τε
1583 362 1819 438 ἔδραμον
1860 366 1916 423 οἱ

310 454 520 515 Φωκέες
553 453 646 511 καὶ
673 451 859 511 ἔδυντο
891 449 965 510 τοὶ
996 450 1165 521 ὅπλα,
1198 450 1291 507 καὶ
1318 447 1513 507 αὐτίκα
1540 452 1593 507 οἱ
1619 449 1913 527 βάρβαροι

311 543 593 617 παρῆσαν·
613 606 619 613 ,
639 538 708 603 ὥς
743 539 802 597 δὲ
839 538 984 597 εἶδον
1021 536 1222 614 ἄνδρας
1260 536 1611 613 ἐνδυομένους
1647 535 1817 608 ὅπλα,
1856 542 1914 601 ἐν

311 628 524 704 θώματι
565 628 836 707 ἐγένοντο·
893 625 1195 702 ἐλπόμενοι
1232 625 1345 705 γαρ
1386 622 1544 684 οὐδέν
1585 629 1695 699 σφι
1737 625 1911 701 φανῆ·

312 717 518 776 σεσθαι
543 715 847 785 ἀντίξοον’
823 713 1159 791 ενεκύρησαν
1186 715 1429 792 στρατῷ·
1462 713 1699 773 ἐνθαῦτα
1718 712 1913 789 Ὑδάρ-

311 828 408 879 νης
434 802 862 880 καταρρωδήσας
887 802 968 879 μή
995 805 1050 861 οἱ
1073 803 1285 863 Φωκέες
1311 802 1443 859 ἔωσι
1470 799 1911 877 Λακεδαιμόνιοι,

313 890 488 968 εἴρετο
514 890 614 951 τόν
639 890 949 951 Ἐπιαλτεα
975 888 1227 951 ποδαπὸς
1254 889 1339 964 εἴη
1368 888 1399 949 ὅ
1426 887 1715 965 στρατός·
1684 934 1699 958 ,
1704 884 1913 948 πυθό-

309 1004 474 1055 μενος
519 980 582 1039 δὲ
625 978 905 1056 ἀτρεκέως,
957 979 1223 1038 διέτασσε
1275 1002 1405 1039 τους
1452 978 1682 1054 Πέρσας
1735 975 1807 1040 ὦς
1860 981 1915 1039 ἐς

311 1066 517 1145 μάχην·
561 1070 614 1126 οἶ
645 1068 704 1127 δὲ
729 1067 958 1136 Φωκέες,
988 1065 1060 1129 ὥς
1085 1064 1407 1141 ἐβάλλοντο
1433 1068 1586 1125 τοῖσι
1610 1065 1916 1140 τοξεύμασι

311 1155 593 1213 πολλοῖσί
612 1179 673 1212 τε
700 1155 793 1215 καὶ
819 1157 1097 1223 πυκνοῖσι,
1126 1154 1350 1233 οἴχοντο
1370 1152 1673 1232 φεύγοντες
1697 1152 1789 1210 ἐπὶ
1813 1153 1916 1213 τοῦ

313 1237 502 1317 οὔρεος
551 1238 650 1299 τὸν
703 1239 1006 1319 κόρυμβον,
1059 1239 1420 1317 ἐπιστάμενοι
1474 1240 1545 1303 ὦς
1594 1241 1683 1299 ἐπὶ
1731 1240 1917 1316 σφέας

315 1325 657 1404 ὡρμήθησαν
697 1326 894 1407 ἀρχὴν,
937 1329 1030 1387 καὶ
1068 1328 1521 1405 παρεσκευάδατο
1565 1328 1636 1390 ὥς
1675 1326 1915 1386 α’,πολεό-

311 1438 487 1490 μενοι·
541 1413 696 1476 οὗτοι
741 1418 844 1493 μὲν
890 1415 958 1491 δὴ
1004 1420 1181 1475 ταῦτα
1227 1414 1511 1493 ἐφρόνεον,
1558 1418 1610 1474 οἶ
1658 1414 1717 1474 δὲ
1764 1413 1915 1491 ἀμφὶ

312 1498 616 1561 Ἐπιάλτεα
655 1504 748 1563 καὶ
773 1502 1040 1581 Ὑδάρνεα
1071 1503 1295 1579 Πέρσαι
1326 1503 1555 1562 Φωκέων
1586 1504 1691 1579 μὲν
1722 1501 1915 1561 οὐδένα

313 1587 489 1668 λόγον
535 1594 836 1660 ἐποιεῦντο,
879 1592 932 1649 οἱ
979 1590 1040 1649 δὲ
1081 1590 1415 1667 κατέβαινον
1454 1589 1522 1649 τὰ
1572 1589 1734 1666 οὖρος
1776 1586 1916 1647 κατσῖ

313 1676 503 1757 τάχος.

221 1766 336 1825 219
395 1770 562 1828 Τοῖσι
587 1769 646 1828 δε
671 1772 730 1829 ἐν
755 1765 1163 1845 Θερμοπύλῃσι
1188 1770 1347 1825 ἐοῦσι
1369 1765 1675 1842 Ἑλλήνων,
1696 1770 1919 1843 πρῶτον

313 1856 417 1931 μὲν
457 1854 488 1914 ὁ
529 1880 726 1932 μαντις
765 1854 1084 1934 Μεγιστίης
1123 1853 1323 1912 ἐσιδων
1362 1858 1417 1914 ἐς
1454 1879 1527 1912 τα
1570 1853 1661 1930 ἱροὶ
1702 1854 1918 1928 ἔφρασε

314 1941 414 2002 τὸν
438 1943 728 2018 μέλλοντα
759 1940 994 2000 ἔσεσθαι
1029 1939 1148 2016 ἅμα
1172 1938 1269 2016 ἠοῖ
1293 1948 1405 2018 σφι
1438 1940 1695 2001 θάνατον·
1736 1940 1827 1998 ἐπὶ
1858 1939 1919 1998 δὲ

317 2028 410 2086 καὶ
439 2028 748 2105 αὐτόμολοι
771 2026 945 2102 ἤϊσαν
971 2030 1026 2088 οῖ
1063 2028 1483 2108 ἐξαγγείλαντες
1512 2032 1625 2088 τῶν
1651 2026 1919 2105 Περσέων

315 2114 421 2190 τήν
445 2115 720 2193 περίοδον·
763 2115 916 2176 οὗτοι
941 2118 1046 2193 μὲν
1073 2118 1153 2176 ἔτι
1179 2115 1373 2177 νυκτός
1398 2115 1701 2194 ἐσήμηναν·
1741 2115 1919 2192 τρίτοι

319 2201 380 2260 δὲ
419 2204 472 2260 οἶ
510 2201 896 2278 ἡμεροσκόποι
937 2202 1380 2280 καταδραμόντες
1418 2201 1535 2263 οἷπὸ
1572 2206 1683 2262 τῶν
1720 2200 1915 2279 ἄκρων,

316 2287 422 2365 ἤδη
449 2289 852 2368 διαφαινούσης
883 2291 1113 2368 ἡμέρης.
1184 2291 1419 2350 ἐνθαῦτα
1458 2289 1829 2367 ἐβουλεύοντο
1866 2293 1919 2348 οἱ

306 2375 603 2453 Ἕλληνες,
647 2379 744 2437 καί
779 2385 972 2454 σφεων
1011 2379 1306 2456 ἐσχίζοντο
1346 2381 1405 2437 αἱ
1442 2381 1677 2459 γνῶμαι·
1726 2381 1779 2437 οἱ
1817 2381 1921 2454 μὲν

316 2462 428 2546 γὰρ
471 2463 570 2524 οὒκ
611 2467 711 2527 ἔων
749 2466 854 2542 τήν
892 2464 1052 2536 τάξιν
1091 2469 1356 2537 ἐκλιπεῖν,
1398 2469 1453 2526 οἱ
1494 2467 1555 2526 δὲ
1594 2465 1919 2526 ἀντέτεινον·

317 2552 459 2629 μετὰΙ
501 2554 561 2613 δὲ
597 2557 768 2616 τοῦτο
807 2554 1191 2632 διακριθέντες,
1234 2558 1289 2614 οἱ
1329 2557 1433 2632 μὲν
1472 2553 1921 2612 ἀπαλλάσσοπο

318 2641 412 2700 καὶ
445 2640 938 2704 διασκεδασθέντες
974 2640 1114 2700 κατὰ
1141 2640 1309 2703 πόλις
1342 2641 1571 2701 ἕκαστοι
1598 2639 1920 2718 ἐτράποντο,

319 2731 372 2787 οἷ
408 2729 470 2789 δὲ
509 2728 688 2790 αὐτῶν
722 2727 843 2807 ἅμα
873 2727 1119 2805 Λεωνίδῃ
1148 2728 1331 2804 μένειν
1364 2727 1535 2788 αὐτοῦ
1570 2725 1922 2805 παρασκευά-

224 2817 341 2876 220
359 2816 514 2877 δατο.
580 2818 822 2898 Λέγεται
857 2816 918 2874 δὲ
947 2814 1022 2878 ὥς
1053 2813 1221 2878 αὐτός
1244 2822 1429 2892 σφεας
1456 2815 1752 2893 ἀπέπεμψε
1776 2821 1923 2874 Λεω-

319 2902 485 2980 νίδης,
511 2903 592 2981 μὴ
623 2903 944 2966 ἀπόλωνται
979 2902 1299 2979 κηδόμενος·
1342 2902 1487 2982 αὐτῷ
1513 2904 1573 2963 δὲ
1609 2903 1701 2962 καὶ
1739 2903 1922 2984 Σπαρ-

319 2992 550 3066 τιητέων
567 2995 720 3050 τοῖσι
744 2994 1022 3068 παρεοῦσι
1047 2987 1149 3048 σῦκ
1176 2989 1323 3068 ἔχειν
1344 2989 1652 3067 εὖπρεπέως
1678 2990 1925 3048 ἐκλιπεῖν

321 3077 426 3152 τήν
454 3078 612 3148 τάξιν
647 3083 704 3142 ἐς
736 3079 841 3154 τὴν
879 3077 1063 3154 ἦλθον
1095 3077 1443 3152 φυλάξοντες
1484 3077 1683 3156 αρχήν.
1750 3074 1927 3151 ταύτῃ

326 3164 418 3222 καὶ
451 3170 679 3242 μᾶλλον
702 3170 776 3244 τῇ
800 3165 996 3247 γνώμῃ
1019 3164 1295 3226 πλεῖστός
1327 3168 1453 3240 εἰμι,
1482 3163 1777 3238 Λεωνίδην,
1804 3159 1930 3220 ἐπεί

325 3273 389 3308 τε
421 3249 632 3327 ᾔσθετο
670 3252 802 3314 τούς
837 3249 1175 3328 συμμάχους
1210 3248 1401 3311 ἐόντας
1435 3248 1794 3325 απροθύμους
1834 3246 1929 3306 καὶ
