2259 3500
258 88 355 136 116
880 88 1255 137 ‘HPOAo'ro‘r
1631 126 1638 131 .
1730 89 1864 154 [vn

260 166 403 242 ὕδωρ
444 162 536 225 ἐπὶ
575 166 677 241 τὴν
702 165 1147 244 Ἐννεάκρουνον·
1178 166 1282 247 (οὔ
1322 167 1434 249 γοῖρ
1477 168 1618 229 εἶναι
1659 172 1864 229 τοῦτον

259 254 359 314 τᾶν
394 254 597 332 χρόνον
640 255 816 329 σφίσι
861 282 935 313 κω
979 254 1107 322 οὐδὲ
1145 260 1300 315 τοῖσι
1339 256 1576 315 ἄλλοισι
1603 256 1862 332 Ἕλλησι

262 342 517 422 οἰκέτας·)
568 341 705 404 ὅκως
746 342 807 401 δὲ
853 344 1067 403 ἔλθοιεν
1114 342 1296 412 αὗται,
1341 343 1470 407 τούς
1518 345 1864 424 Πελασγοῦς

256 427 366 489 ὖπό
410 428 607 507 ὕβριός
647 454 709 488 τε
753 430 846 489 καὶ
887 430 1183 513 ὀλιγωρίης
1224 433 1473 507 βιᾶσθαί
1509 438 1694 508 σφεας
1709 458 1722 471 ·
1771 435 1864 491 καὶ

260 521 436 576 ταῦτα
473 518 664 593 μέντοι
704 518 879 593 σφίσι
914 517 1013 577 οὐκ
1040 517 1299 597 οἷποχρᾶν
1324 520 1549 588 ποιέειν,
1579 518 1735 579 ἀλλὰ
1776 522 1864 580 τέ-

262 599 364 667 λος
410 606 501 663 καὶ
550 604 1019 681 ἐπιβουλεύοντας
1064 606 1442 685 ἐπιχειρήσειν
1491 612 1736 682 φανῆναι
1779 604 1864 667 ἐπ’

262 691 591 773 αὗτοφώρῳ·
647 693 879 757 ἐωυτοῦς
932 694 991 753 δὲ
1036 694 1302 804 γενέσθαι
1355 694 1606 773 τοσούτῳ
1649 695 1866 755 ἐκείνων

264 778 465 857 ανδρας
506 780 811 858 ἀμείνονας,
854 780 973 861 ὅσω
1019 782 1228 859 παρεὸν
1279 781 1502 840 αυτοῖσι
1543 781 1864 843 α’πσκτεῖναι

258 867 387 930 τούς
424 870 763 949 Πελασγοῧς
805 872 954 950 (ἐπεί
994 878 1178 946 σφεας
1216 871 1452 975 aassov.
1471 870 1855 945 ἐπιβουλεύοις

259 957 380 1035 τας)
411 981 511 1014 ουκ
539 956 825 1031 ἐθελῆσαι,
856 956 1013 1016 οἷλλά
1040 965 1154 1033 σφι
1196 961 1480 1034 προειπεῖν
1519 962 1579 1016 ἐκ
1621 960 1722 1033 τῆς
1757 964 1853 1039 γῆς

266 1043 485 1111 ἐξιέναι·
511 1068 659 1107 τους
700 1044 762 1102 δὲ
808 1043 949 1103 οὕτω
997 1045 1065 1121 δὴ
1115 1044 1558 1122 ἐκχωρήσαντας,
1607 1043 1762 1103 ἄλλα
1801 1068 1864 1105 τε

262 1133 428 1208 σχεῖν
474 1131 651 1207 χωρία
695 1132 793 1189 καὶ
828 1130 897 1205 ὃν)
946 1133 1037 1190 καὶ
1083 1136 1338 1207 Λῆμνον.
1419 1136 1612 1197 ἐκεῖνα,
1643 1135 1747 1207 μὲν
1794 1132 1862 1207 δή

170 1218 283 1275 138
298 1216 589 1279 Ἑκαταῖος
625 1217 793 1287 ἔλεξε,
820 1222 997 1277 ταῦτα
1032 1219 1091 1277 δὲ
1126 1218 1416 1294 Ἀθηναῖοι
1447 1220 1704 1300 λέγουσι.
1792 1224 1865 1279 Οἱ

265 1304 324 1362 δὲ
379 1306 679 1385 Πελασγοὶ
737 1304 907 1364 οὗτοι·
941 1310 1172 1382 Λῆμνον
1228 1306 1357 1367 τότε
1407 1307 1717 1384 νεμόμενοι,
1773 1308 1865 1366 καὶ

261 1391 605 1469 βουλόμενοι
644 1391 775 1456 τούς
820 1390 1149 1469 Ἀθηναίους
1191 1394 1641 1472 τιμωρήσασθαι,
1691 1394 1750 1453 εὖ
1803 1417 1866 1454 τε

266 1478 689 1556 ἐξεπιστάμενοι
720 1480 827 1543 τοὶς·
844 1480 1151 1557 Ἀθηναίων
1191 1481 1373 1559 ὁρτὰς,
1402 1483 1866 1559 πεντηκοντέρους

263 1564 609 1643 στησάμενοι
651 1566 938 1647 ἐλόχησαν
970 1568 1258 1647 Ἀρτέμιδι
1285 1575 1342 1629 ἐν
1369 1574 1660 1645 Βραυρῶνι
1699 1568 1864 1650 οἷγού-

262 1678 369 1717 σας
394 1653 564 1731 ὁρτὴν
595 1655 694 1719 τοὶς
720 1661 830 1717 τῶν
855 1655 1165 1733 Ἀθηναίων
1203 1662 1486 1737 γυναῖκας·
1530 1658 1780 1717 ἐνθεῦτεν
1805 1658 1866 1716 δὲ

267 1769 621 1820 αρπασαντες
659 1744 895 1806 τουτέων
935 1745 1161 1808 πολλας
1204 1745 1426 1824 οἴχοντο
1469 1743 1864 1809 ἀποπλέοντες·

262 1831 361 1889 καί
382 1837 619 1908 σφεας’
595 1859 649 1895 ες
668 1837 899 1908 Λῆμνον
928 1832 1234 1914 ἀγαγόντες
1259 1833 1557 1895 παλλακας
1585 1833 1755 1911 εἶχον·
1797 1833 1867 1896 ὦς

266 1918 327 1976 δὲ
360 1919 563 1978 τέκνων
600 1917 763 1977 αὗται
803 1923 860 1978 αἶ
899 1945 1154 2000 γυναικες
1180 1919 1650 1996 ὑπεπλήσθησαν,
1677 1924 1864 2000 γλωσ-

264 2005 377 2063 σάν
420 2031 483 2064 τε
528 2005 631 2080 τὴν
674 2004 936 2081 Ἀττικὴν
984 2007 1076 2064 καὶ
1121 2006 1362 2084 τρόπους
1406 2011 1518 2067 τῶν
1562 2007 1868 2083 Ἀθηναίων

265 2091 556 2151 ἐδίδασκον
596 2117 724 2154 τους
768 2093 1107 2156 παῖδας·οἶ
1157 2093 1216 2152 δὲ
1267 2091 1394 2153 οὔτε
1439 2096 1868 2182 συμμίσγεσθαι

262 2181 416 2238 τοῖσι
459 2184 519 2238 ἐκ
561 2183 671 2239 τῶν
709 2181 1079 2260 Πελασγίδων
1122 2185 1396 2262 γυναικῶν
1437 2183 1605 2241 πἀισὶ
1643 2181 1865 2256 ἤθελον,

269 2267 320 2324 εἴ
342 2291 406 2324 τε
430 2265 693 2334 τύπτοιτό
718 2291 802 2330 τις
829 2267 1008 2328 αὐτῶν
1034 2268 1124 2327 υπ’
1155 2269 1370 2328 ἐκείνων
1405 2268 1570 2338 τινός,
1598 2268 1870 2345 ἐβοήθεόν

263 2377 326 2411 τε
362 2352 569 2417 πάντες
605 2355 696 2412 καὶ
738 2355 1030 2432 ἐτιμώρεον
1064 2355 1398 2432 ἀλλήλοισι·
1441 2358 1532 2415 καὶ
1558 2355 1626 2431 δὴ
1654 2356 1746 2414 καὶ
1777 2355 1870 2432 ἅρ-

271 2465 394 2519 χειν
423 2465 485 2499 τε
516 2445 625 2501 τῶν
660 2443 870 2502 παίδων
911 2445 965 2502 οἱ
999 2443 1190 2506 παῖδες
1219 2443 1498 2516 ἐδικαίευν,
1531 2446 1623 2503 καὶ
1649 2443 1872 2502 πολλὸν

270 2527 620 2603 ἐπεκράτεον·
674 2527 945 2606 μαθόντες
985 2531 1045 2589 δὲ
1086 2535 1264 2590 ταῦτα
1305 2534 1360 2590 οι
1404 2531 1706 2612 Πελασγοὶ
1750 2535 1872 2589 ἑωυ-

266 2619 419 2674 τοῖσι
465 2614 673 2696 λόγους
716 2617 992 2678 ἐδίδοσαν·
1048 2618 1147 2677 καί
1184 2624 1362 2693 σφισι
1402 2619 1874 2695 βουλευομένοισι

268 2702 445 2762 δεινόν
470 2727 526 2762 τι
553 2703 791 2773 ἐσέδυνε,
824 2707 871 2762 εἰ
896 2704 964 2780 δὴ
993 2704 1408 2786 διαγινώσκοιεν
1444 2707 1622 2781 σφίσι
1647 2731 1710 2764 τε
1733 2707 1873 2780 βοη-

267 2791 412 2850 θέειν
451 2794 505 2850 oz
539 2792 732 2854 παῖδες
768 2791 910 2868 πρὸς
944 2798 1055 2854 τῶν
1092 2793 1406 2869 κουριδιέων
1440 2798 1714 2874 γυναικῶν
1747 2791 1876 2854 τούς

266 2879 482 2948 παῖδας,
527 2880 620 2939 καὶ
661 2878 871 2939 τούτων
912 2880 1109 2940 αὐτίκα
1153 2880 1344 2958 ἄρχειν
1379 2880 1670 2960 πειρῴατο,
1707 2881 1769 2939 τί
1806 2877 1874 2953 δή

270 2965 636 3042 ἀνδρωθέντες
677 2967 843 3042 δῆθεν
888 2966 1236 3043 ποιήσουσι,
1280 2968 1522 3028 ἐνθαῦτα
1568 2967 1724 3038 ἔδοξέ
1765 2971 1878 3040 σφι

272 3055 500 3114 κτείνειν
519 3055 650 3118 τούς
664 3054 867 3118 παῖδας
891 3055 1020 3117 τούς
1046 3059 1107 3113 ἐκ
1131 3058 1243 3114 τῶν
1266 3054 1560 3115 Ἀττικέων
1585 3058 1876 3136 γυναικῶν·

269 3145 495 3200 ποιεῦσι
538 3143 605 3219 δὴ
648 3147 840 3216 ταῦτα,
886 3140 1400 3219 προσαπολλύουσι
1443 3142 1506 3201 δέ
1545 3148 1740 3217 σφεων
1785 3140 1878 3199 καὶ

270 3226 370 3289 τοὶς
416 3232 675 3307 μητέρας.
758 3229 871 3292 οἷπὸ
922 3230 1123 3290 τούτου
1171 3231 1232 3290 δὲ
1275 3235 1377 3290 τοῦ
1425 3231 1590 3310 ἔργου
1637 3229 1730 3288 καὶ
1775 3229 1878 3284 τοῦ
