2259 3500
314 124 410 191 296
802 122 808 127 ·
915 118 1285 167 ‘HPOAO'ro'r
1752 117 1907 183 [v11.

312 200 601 261 τάσκοπον
642 198 831 267 ἱππέα,
875 198 1093 258 ἰδέσθαι
1131 194 1334 257 ὁκόσοι
1378 197 1445 257 τέ
1488 200 1602 265 εἰσι
1644 198 1738 257 καὶ
1780 197 1813 258 ὅ
1854 225 1911 261 τι

309 288 576 355 ποιέοιεν;
619 285 850 362 ἀκηκόεε
877 286 938 344 δὲ
964 286 1042 344 ἔτι
1071 283 1173 344 ἐών
1210 289 1269 344 ἐν
1305 285 1620 363 Θεσσαλίῃ,
1650 284 1721 349 ὥς
1747 286 1911 347 οἶλισ-

309 376 450 454 μένη
492 376 576 451 εἴη
616 371 790 453 ταύτῃ
831 374 1067 450 στρατιὴ
1109 371 1297 454 ὀλίγη,
1340 374 1433 431 καὶ
1470 373 1601 435 τούς
1632 371 1911 454 ἡγεμόνας

311 462 384 526 ὀἷς
411 464 607 539 εἴησαν
644 460 1074 537 Λακεδαιμόνιοί
1103 486 1167 521 τε
1204 462 1297 519 καὶ
1322 460 1599 535 Λεωνίδης
1626 460 1729 521 ἐῶν
1754 462 1911 542 γένος

308 550 694 627 Ἡρακλείδης·
759 548 830 613 ὦς
870 548 930 609 δὲ
969 549 1301 626 προσέλασε
1341 547 1373 608 ὁ
1416 547 1615 611 ἶππεύς
1664 548 1807 625 πρὸς
1842 551 1909 611 τὰ

311 637 710 715 στρατόπεδον,
749 636 962 713 ἐθηεῖτό
997 662 1059 697 τε
1093 636 1187 695 καὶ
1222 634 1445 713 κατώρα
1474 638 1589 695 πᾶν
1620 638 1725 713 μὲν
1752 636 1819 696 οὗ
1842 638 1908 699 τὰ

310 726 710 804 στρατόπεδον·
736 723 866 788 τοῦς
883 724 994 806 γὰρ
1021 726 1132 785 ἔσω
1156 724 1525 804 τεταγμένους
1547 728 1651 783 τοῦ
1676 725 1907 804 τείχεος,

306 814 373 875 τὸ
421 814 834 892 ἀνορθώσαντες
876 813 1030 891 εἶχον
1070 815 1128 873 ἐν
1169 814 1417 889 φυλακῇ,
1462 810 1563 869 οὐκ
1606 812 1700 870 οἶά
1738 838 1801 871 τε
1839 812 1909 888 ἦν

311 903 652 963 κατιδέσθαι·
695 902 728 962 ὁ
771 902 830 961 δὲ
860 899 991 963 τούς
1027 900 1128 969 ἔξω
1174 898 1444 977 ἐμάνθανε
1486 902 1640 958 τοῖσι
1672 898 1783 976 πρό
1808 905 1907 959 τοῦ

306 992 518 1069 τείχεος
541 989 612 1049 τοὶ
639 990 792 1049 ὅπλα
820 990 1012 1047 ἔκειτο·
1055 989 1253 1066 ἔτυχον
1278 986 1339 1046 δὲ
1363 990 1563 1047 τοῦτον
1581 986 1681 1046 τόν
1704 986 1909 1065 χρόνον

305 1076 730 1153 Λακεδαιμόνιοι
783 1076 885 1145 ἔξω
936 1075 1281 1155 τεταγμένοι·
1350 1074 1481 1137 τούς
1523 1076 1627 1151 μὲν
1672 1074 1742 1149 δή
1792 1074 1909 1153 ὥρα

305 1165 749 1245 γυμναζομένους
773 1168 884 1224 τῶν
911 1162 1139 1240 ἀνδρῶν,
1167 1163 1297 1225 τούς
1321 1163 1382 1221 δὲ
1405 1157 1508 1226 τάξ
1534 1161 1711 1240 κόμας
1737 1187 1909 1224 κτενι-

305 1254 583 1329 ζομένους·
610 1256 784 1311 ταῦτα
805 1252 872 1327 δὴ
896 1250 1166 1327 θεώμενος
1186 1250 1449 1327 ἐθώμαζε,
1478 1252 1571 1310 καὶ
1595 1250 1662 1311 τὸ
1686 1253 1907 1327 πλῆθος

305 1338 592 1415 ἐμάνθανε,
619 1339 814 1416 μαθών
839 1339 901 1397 δὲ
926 1338 1108 1398 πάντα
1128 1338 1395 1416 ἀτρεκέως
1415 1337 1705 1415 ἀπήλαυνε
1722 1336 1905 1399 ὀπίσω

305 1425 422 1486 κατ’
459 1425 720 1504 ἡσυχίην·
765 1424 890 1486 οὗτε
915 1424 1025 1508 γάρ
1051 1452 1135 1490 τις
1168 1426 1354 1485 ἐδίωκε
1381 1424 1616 1507 ἀλογίης
1640 1452 1703 1485 τε
1730 1425 1905 1487 ἐνεκύ-

301 1540 445 1592 ρησε
471 1518 713 1591 πολλῆς·
757 1514 1019 1574 ἀπελθών
1047 1515 1106 1573 δὲ
1134 1516 1294 1594 ἔλεγε
1320 1512 1462 1589 πρὸς
1492 1513 1703 1591 Ξέρξεα
1726 1513 1905 1593 τάπερ

206 1604 324 1661 209
349 1601 568 1663 ὀπώπεε
599 1602 800 1664 πάντα.
857 1601 1102 1663 Ἀκούων
1138 1601 1199 1661 δὲ
1235 1601 1446 1679 Ξέρξης
1480 1600 1579 1661 οὐκ
1611 1601 1727 1680 εἶχε
1764 1628 1905 1679 συμ-

299 1692 590 1767 βαλέσθαι
615 1692 684 1752 τό
705 1692 812 1767 ἐὰν,
844 1691 930 1753 ὅτι
957 1689 1469 1770 παρασκευάζοιντο
1498 1688 1569 1752 οἷς
1595 1688 1903 1768 ἀπολεόμε-

302 1781 392 1840 νοί
428 1806 490 1840 τε
533 1782 622 1840 καὶ
671 1780 1008 1842 ἀπολέοντες
1062 1777 1217 1866 κατὰ.
1256 1777 1501 1855 δύναμιν·
1573 1776 1704 1837 ἄλλ’
1760 1779 1905 1859 αὐτῷ

299 1873 498 1950 γελοῖα
522 1868 634 1950 γσῖρ
663 1869 956 1944 ἐφαίνοντο
977 1867 1199 1936 ποιέειν,
1221 1867 1617 1943 μετεπέμψατο
1639 1866 1902 1944 Δημάρη-

289 1966 400 2017 ’τον
423 1956 523 2016 τὸν
547 1955 884 2033 Ἀρίστωνος
910 1955 1072 2014 ἐόντα
1101 1959 1159 2013 ἐν
1183 1958 1261 2032 τῷ
1288 1954 1665 2037 στρατοπέδῳ·
1711 1954 1903 2015 αἶπικό-

287 2051 466 2121 ἵμενον
506 2044 569 2102 δέ
604 2067 702 2120 μιν
737 2042 932 2118 εἶραῆα
963 2041 1174 2118 Ξέρξης
1208 2041 1419 2101 ἕκαστα
1444 2041 1669 2112 τούτων,
1698 2043 1904 2104 ἐθέλων

300 2131 527 2206 μαθέειν
564 2129 632 2190 τὸ
673 2129 1000 2206 ποιεύμενον
1030 2129 1172 2206 πρὸς
1204 2133 1316 2190 τῶν
1349 2129 1816 2206 Λακεδαιμονίων·
1870 2129 1902 2190 ὅ

299 2219 360 2276 δὲ
414 2217 550 2276 εἶπε·
621 2227 658 2253 “
673 2217 918 2292 ἤκουσας
976 2218 1079 2294 μέν
1134 2243 1238 2294 μευ
1293 2217 1385 2276 καὶ
1438 2216 1725 2295 πρότερον,
1782 2217 1903 2278 εὖτε

299 2303 556 2382 ὁρμῶμεν
584 2305 676 2364 ἐπὶ
702 2305 804 2381 τὴν
828 2304 1100 2376 Ἑλλάδα,
1127 2307 1255 2383 περὶ
1290 2310 1401 2366 τῶν
1437 2304 1649 2382 ἀνδρῶν
1674 2305 1901 2368 τούτων·

305 2391 550 2455 οἰκούσας
590 2393 664 2464 δὲ,
705 2392 926 2474 γέλωτά
965 2419 1038 2470 με
1079 2394 1201 2453 ἔθευ
1240 2394 1482 2474 λέγοντα
1523 2393 1700 2470 τάπερ
1752 2393 1904 2471 ὥρων

301 2478 662 2589 ἐκβησόμενα
682 2480 987 2562 πρήγματα
1006 2485 1201 2541 ταῦτα·
1232 2483 1357 2559 ἐμοὶ
1375 2481 1485 2561 γὰρ
1504 2481 1609 2557 τὴν
1627 2481 1904 2593 ἀληθηΐην

298 2566 523 2627 ἀσκέειν
553 2567 712 2629 αντία
744 2573 864 2640 σεῦ,
901 2567 944 2627 ὦ
971 2569 1302 2645 βασιλεῧ,’
1268 2595 1417 2650 αγων
1451 2568 1722 2678 μέγιστός
1760 2573 1902 2628 ἐστι·

297 2681 544 2716 ακουσον
569 2657 630 2716 δε
657 2657 750 2714 καὶ
776 2660 890 2716 νῦν·
933 2659 986 2715 οἳ
1024 2655 1217 2738 ανδρες
1254 2655 1409 2716 οὗτοι
1437 2656 1704 2732 απζίκαται
1730 2681 1903 2735 μαχε-

299 2742 533 2819 σόμενοι
551 2742 687 2820 ημῖν
705 2744 834 2821 περὶ
859 2748 959 2819 τῆς
991 2743 1209 2814 ἐσόδου,
1240 2745 1331 2803 καὶ
1356 2745 1533 2804 ταύτα
1550 2743 1903 2822 παρασκευά-

298 2829 504 2899 ζονται·
546 2831 714 2908 νόμος
745 2857 856 2911 γαρ
891 2838 1005 2908 σφι
1039 2831 1179 2892 οὕτω
1214 2833 1353 2911 ἔχων
1390 2832 1533 2892 ε’στί·
1576 2831 1742 2892 ἐπεοὶν
1765 2833 1902 2909 μέλ-

299 2919 447 2976 λωσι
489 2917 812 2978 κινδυνεύειν
849 2923 921 2997 τῇ
961 2923 1137 2998 ψυχῇ,
1170 2919 1301 2979 τότε
1341 2919 1441 2982 τὰς
1476 2918 1729 2996 κεφαλὰς
1770 2945 1903 2978 κοσ-

297 3005 542 3078 μέονται·
585 3007 822 3066 ἐπίσταο
859 3006 934 3075 δὲ,
969 3010 1016 3064 εἷ.
1050 3007 1280 3070 τούτους
1312 3033 1374 3066 τε
1406 3009 1499 3066 καὶ
1525 3007 1589 3066 τὸ
1624 3006 1903 3082 ὑπομένον

301 3095 362 3150 ἐν
413 3093 646 3171 Σπάρτῃ
690 3094 1118 3171 καταστρέψεαι,
1168 3095 1289 3154 ἔστι
1336 3093 1493 3153 οὐδὲν
1544 3092 1693 3153 ἄλλο
1749 3093 1903 3154 ἔθνος

301 3176 600 3259 ἀνθρώπων
635 3182 701 3246 τὸ
739 3186 824 3257 σὲ,
851 3185 1120 3261 βασιλεῦ,
1148 3181 1438 3259 ὑπομενέει
1471 3185 1662 3259 χεῖρας
1688 3180 1901 3240 ‹im-aet.-

300 3266 552 3341 ρόμενον·
594 3275 694 3331 νῦν
717 3271 828 3352 γὰρ
855 3268 996 3346 πρὸς
1029 3268 1359 3344 βασιληίην·
1373 3291 1435 3327 τε
1462 3268 1557 3326 καὶ
1582 3266 1903 3340 καλλίστην
