2259 3500
327 124 607 186 102—106]
1016 120 1242 172 EPAm.
1295 128 1302 135 ·
1825 126 1918 176 101

324 204 464 281 ἔχων
505 202 619 262 α’πὸ
648 208 751 263 τοῦ
776 204 1031 265 οἰκιστέω
1056 208 1159 281 τῆς
1183 203 1555 283 Χερσονήσου
1580 202 1920 265 Μιλτιάδεω·

320 288 709 373 [Μιλτιάδης].
790 290 975 355 Οὗτος
1026 294 1095 369 δή
1151 292 1226 353 ὧν
1276 291 1406 354 τότε
1457 292 1490 353 ὅ
1543 292 1873 369 Μιλτιάδης,
1899 294 2014 354 104

320 377 467 454 ἥκων
510 383 579 437 ἐκ
612 384 715 454 τῆς
754 380 1124 457 Χερσονήσου
1167 382 1259 440 καὶ
1301 380 1654 462 ἐκπεφευγὼς
1687 380 1922 441 διπλόον

322 466 579 537 θάνατον,
624 468 965 548 ἐστρατήγεε
1003 468 1327 544 Ἀθηναίων.
1410 467 1528 545 ἅμα
1569 470 1674 545 μὲν
1715 468 1826 545 γὰρ
1867 470 1923 529 οἶ

323 555 571 618 Φοίνικες
612 553 782 615 αὗτόν
822 582 877 615 οι
916 556 1294 625 ἐπιδιώξαντες
1333 557 1502 667 μέχρι
1517 554 1766 634 Ἴμβρου
1791 556 1919 634 περι

322 645 549 702 πολλοῦ
602 646 887 703 ἐποιεῦντο
925 643 1131 718 λαβεῖν
1174 664 1236 702 τε
1283 643 1376 703 καὶ
1423 642 1724 724 ἀναγαγεῖν
1765 670 1921 722 παρα

320 729 658 804 βασιλέα,
622 754 739 805 αμα
774 729 834 789 δὲ
875 733 1190 812 ἐκφυγόντα
1232 756 1295 790 τε
1329 729 1558 793 τούτους
1594 731 1687 788 καὶ
1727 730 1921 792 α’πικό-

322 836 494 889 μενον
528 822 582 879 ες
620 817 724 893 τὴν
758 820 975 887 εωυτοΰ,
1004 817 1266 878 δοκέοντά
1290 844 1353 877 τε
1394 817 1532 877 εἶναι
1571 821 1632 876 ἐν
1657 818 1919 897 σαη-ηρίῃ,

322 901 430 978 ἤδη
455 930 523 963 το
552 905 800 965 ἐνθεῦτέν
824 930 921 981 μιν
948 907 1003 963 οἱ
1029 905 1222 983 ἐχθροὶ
1246 902 1646 981 ὑποδεξάμενοι
1679 905 1772 963 καὶ
1807 904 1920 965 υπό

324 990 683 1068 δικαστήριον
700 992 870 1053 αὗτόν
894 992 1214 1073 αγαγόντες,
1233 992 1456 1063 εδίωξαν
1479 992 1799 1070 τυραννίδος
1821 997 1924 1069 τῆς

323 1083 383 1137 ε’ν
408 1080 772 1159 Χερσονήσω·
814 1079 1125 1161 οἷποφυγων
1151 1078 1212 1140 δὲ
1239 1081 1330 1139 καὶ
1349 1079 1580 1143 τούτους
1605 1080 1923 1162 στρατηγὸς

322 1166 465 1226 οὕτω
490 1166 798 1243 Ἀθηναιων
822 1167 1121 1248 ἀπεδέχθη,
1152 1168 1444 1247 αἱρεθεὶς”
1411 1194 1520 1228 υπο
1547 1170 1648 1229 τσῦ
1675 1166 1875 1245 δήμου.

406 1256 521 1312 Καὶ
546 1259 741 1333 πρῶτα
765 1258 883 1332 μὲν,
912 1256 1092 1320 ε’όντες
1118 1258 1250 1317 ἔπ’
1223 1283 1283 1318 εν
1306 1261 1384 1337 τῷ
1410 1254 1613 1325 ἅστεὶ,
1618 1284 1672 1316 α.
1703 1282 1875 1334 στρα-
1899 1259 2014 1319 105

322 1343 483 1422 τηγοὶ
510 1342 913 1420 ἀποπέμπουσι
939 1348 995 1407 ἐς
1021 1345 1286 1423 Σπάρτην
1311 1344 1522 1422 κήρυκα
1540 1344 1920 1421 Φειδιππίδην,

322 1426 619 1504 Ἀθηναῖον
655 1433 758 1506 μὲν
786 1429 957 1507 ἄνδρα
992 1429 1182 1496 ἄλλως
1223 1434 1282 1493 δὲ
1321 1430 1706 1510 ἤμεροδρόμον
1740 1458 1803 1493 τε
1829 1434 1922 1493 καὶ

321 1520 489 1575 τοῦτο
517 1521 857 1594 μελετῶντα·
897 1523 973 1597 τῷ
1000 1519 1085 1594 δὴ,
1121 1520 1194 1583 ὥς
1229 1519 1394 1583 αὐτός
1418 1546 1480 1580 τε
1515 1521 1674 1601 ἕλε-γε
1700 1520 1921 1580 Φειδιπ-

321 1604 484 1679 πιἘης
503 1605 594 1663 καὶ
618 1603 973 1679 Ἀθηναίοισι
998 1604 1345 1687 ἀπήγγελλε,
1368 1608 1496 1684 περὶ
1519 1604 1587 1666 rc}
1607 1607 1922 1683 Παρθένιον

323 1690 483 1770 οὖρος
515 1692 583 1753 τὸ
622 1691 759 1770 ὑπὲρ
788 1692 994 1774 Τεγέης
1036 1690 1067 1752 ὅ
1095 1693 1226 1754 nutv
1267 1693 1604 1771 περιπίπτει·
1644 1691 1921 1770 βώσαντα

322 1778 383 1836 δὲ
418 1780 487 1839 τὸ
530 1781 741 1858 οὔνομα
779 1784 882 1840 τοῦ
914 1781 1280 1841 Φειδιππίδεω
1316 1780 1418 1842 τόν
1452 1784 1636 1850 Πᾶνα,
1661 1779 1918 1856 Ἀθηναί-

323 1893 441 1926 οισι
496 1872 760 1928 κελεῦσαι
812 1867 1156 1950 ἀπαγγεῖλαι
1207 1869 1349 1930 διότι
1401 1872 1602 1928 ἑωυτοῦ
1661 1867 1922 1946 οὐδεμίαν

324 1957 645 2032 ἐπιμέλειαν
675 1961 959 2018 ποιεῦνται
996 1956 1182 2020 ἐόντος
1222 1957 1380 2018 εὔνου
1418 1955 1786 2032 Ἀθηναίοισι,
1829 1956 1922 2016 καὶ

323 2047 594 2122 πολλαχῆ
628 2047 929 2124 γενομένου
966 2044 1073 2121 ἤδη
1117 2045 1294 2121 σφίσι
1333 2045 1636 2124 χρησίμου,
1663 2043 1742 2103 ‘td'
1767 2043 1814 2104 δ’
1841 2045 1921 2104 ἔτι

324 2133 415 2188 καὶ
456 2133 745 2209 ἐσομένου.
831 2134 924 2192 καὶ
952 2137 1131 2192 ταῦτα
1156 2135 1260 2209 μὲν
1284 2133 1572 2208 Ἀθηναῖοι
1613 2132 1919 2193 καταστάν-

320 2243 430 2276 των
478 2221 653 2292 σφίσι
698 2220 757 2279 εὖ
800 2220 907 2296 ἤδη
958 2224 1069 2280 τῶν
1121 2219 1462 2300 πρηγμάτων
1513 2218 1918 2284 πιστεύσαντες

325 2303 464 2361 εἶναι
512 2304 741 2380 ἀληθέα,
793 2306 1089 2383 ἱδρύσαντο
1135 2307 1246 2367 ὖπὸ
1291 2311 1365 2386 τῇ
1411 2306 1690 2384 ἀκροπόλι
1727 2308 1918 2372 Πανὸς

326 2389 444 2465 ἶρόν
488 2392 579 2448 καὶ
617 2388 787 2454 αὐτὸν
828 2393 941 2452 α’πό
982 2394 1184 2471 ταύτης
1224 2399 1326 2471 τῆς
1368 2392 1636 2476 ἀγγελίης
1681 2395 1916 2473 θυσίῃσι

325 2480 607 2556 ἐπετείῃσι
640 2481 731 2538 καὶ
763 2481 1016 2557 λαμπάδι
1050 2483 1397 2543 ἱλάσκονται.
1466 2483 1608 2542 Τότε
1649 2483 1708 2542 δὲ
1743 2508 1880 2559 πεμ-
1899 2483 2015 2542 106

322 2567 487 2641 φθεὶς
512 2567 621 2626 ὖπό
648 2573 757 2628 τῶν
787 2573 1117 2650 στρατηγῶν
1150 2569 1182 2630 ὅ
1217 2569 1576 2647 Φειδιππίδης
1613 2569 1791 2640 οὗτος,
1827 2567 1922 2630 ὅτε

322 2654 428 2730 πέρ
458 2658 511 2713 οἱ
538 2656 647 2730 ἔφη
676 2658 767 2715 καὶ
792 2656 892 2716 τόν
919 2661 1087 2716 Πᾶνα
1114 2662 1374 2734 φανῆναι,
1397 2658 1706 2736 δευτεραῖος
1734 2663 1795 2716 ἐκ
1818 2660 1920 2717 τοῦ

322 2739 626 2817 Ἀθηναίων
668 2742 867 2807 ἄστεος
902 2744 971 2820 ἦν
1006 2749 1067 2805 ἐν
1092 2745 1344 2825 Σπάρτῃ·
1385 2745 1720 2824 ἀπικόμενος
1745 2745 1804 2804 δὲ
1829 2744 1922 2802 ἐπὶ

320 2828 449 2892 τούς
492 2829 765 2909 ἄρχοντας
806 2832 984 2913 ἔλεγε·
1027 2843 1063 2869 “
1080 2833 1123 2892 ὦ
1156 2833 1599 2910 Λακεδαιμόνιοι,
1633 2831 1918 2906 Ἀθηναῖοι

320 2915 499 2995 ὖμέων
554 2918 776 2978 δέονταί
818 2925 996 2994 σφισι
1040 2921 1336 2998 βοηθῆσαι
1382 2922 1475 2980 καὶ
1519 2921 1599 3000 μή
1653 2919 1915 2996 περιϊδεῖν

318 3005 491 3065 πόλιν
550 3005 922 3086 ἀρχαιοτάτην
982 3015 1041 3070 ἐν
1100 3013 1256 3070 τοῖσι
1297 3008 1554 3086 Ἕλλησι
1605 3005 1919 3084 δουλοσύνῃ

320 3100 737 3170 περιπεσοῧσον
762 3095 904 3173 πρὸς
930 3097 1142 3174 οἷνδρῶν
1165 3097 1497 3174 βαρβάρων·
1541 3095 1632 3154 καὶ
1669 3095 1782 3176 γοῖρ
1823 3098 1920 3153 νῦν

321 3181 575 3258 Ἐρέτριά
599 3209 661 3242 τε
687 3183 1141 3261 ἠνδραπόδισται,
1171 3186 1263 3244 καὶ
1303 3185 1441 3244 πόλι
1477 3184 1688 3262 λογίμῃ
1725 3181 1762 3256 ἦ
1787 3181 1918 3240 Ἑλ·
1958 3207 1969 3226 ·

323 3271 426 3334 λοῗς
460 3273 656 3354 γέγονε
692 3272 1123 3350 α’σθενεστέρη.”
1205 3273 1238 3333 ὁ
1270 3275 1374 3350 μὲν
1414 3269 1483 3346 δή
1524 3276 1636 3346 σφι
1669 3269 1742 3331 τοὶ
1777 3273 1918 3329 ἐντε-

352 3360 521 3410 Η,-9
