2259 3500
335 128 432 178 318
945 123 1313 174 'HPvo'ro‘r
1810 123 1941 188 [Ix.

327 204 706 267 ἀνοσιώτατον
759 204 900 282 ἔχων
963 202 1139 283 λόγον
1195 202 1341 263 ἵκετο
1391 202 1533 280 πρός
1586 202 1942 278 Παυσανίην.

330 292 664 368 ἀπικόμενος
690 291 767 360 δὲ,
805 290 1029 369 σπουδῇ
1057 292 1217 372 ἔλεγε
1252 290 1400 349 τάδε·
1445 297 1481 326 “
1499 289 1541 350 ὦ
1578 295 1685 350 παῖ
1716 294 1943 367 Κλεομ-

331 379 562 458 βρότον,
611 381 776 459 ἔργον
822 381 1094 459 ἔργασταί
1142 404 1231 438 τοι
1274 378 1551 455 ὑπερφυὲς
1592 378 1839 458 μέγαθός
1880 406 1945 439 τε

333 469 424 526 καὶ
461 466 689 530 κάλλος·
734 467 826 524 καὶ
861 467 948 525 τοὶ
987 467 1112 529 θεὸς
1143 467 1439 543 παρέδωκε,
1481 465 1797 542 ῥυσάμενον
1836 466 1944 542 τὴν

329 554 583 614 Ἑλλάδα
625 555 787 616 κλέος
828 555 1173 614 καταθέσθαι
1208 554 1479 634 μέγιστον
1514 552 1805 626 Ἐλληνων
1830 558 1944 614 τῶν

333 641 494 719 ἡμεῖς
537 642 702 718 ἴδμεν.
791 667 865 700 συ
899 642 959 700 δὲ
994 642 1087 700 καὶ
1121 641 1194 701 τοὶ
1230 639 1405 699 λοιποὶ
1444 666 1515 698 τα
1559 639 1649 698 ἐπὶ
1688 640 1942 702 τούτοισι

331 729 590 806 ποιήσον,
628 729 768 794 ὅκως
803 729 975 810 λόγος
1013 731 1078 789 τέ
1113 755 1183 788 σε
1230 729 1329 806 ἔχῃ
1374 728 1453 786 ἔτι
1493 728 1685 804 μέζων,
1725 729 1822 787 καί
1856 756 1943 793 τις

331 817 566 896 ὕστερον
609 817 983 893 φυλάσσηται
1030 821 1145 882 τῶν,
1180 813 1494 892 βαρβάρων
1536 814 1617 890 μὴ
1671 815 1943 894 ὖπάρχειν

333 907 467 986 ἔργα
495 905 794 966 ἀτάσθαλα
820 906 1022 964 ποιέων
1042 910 1098 968 ἐς
1121 905 1251 968 τούς
1268 903 1575 978 Ἕλληνας.
1658 904 1942 962 Λεωνίδεω

329 993 442 1074 γάρ
467 993 847 1057 ἀποθανόντος
879 999 936 1053 ἐν
965 993 1386 1071 Θερμοπύλῃσι,
1416 990 1731 1068 Μαρδόνιός
1756 1017 1817 1050 τε
1846 992 1942 1050 καὶ

331 1081 541 1158 Ξέρξης
589 1081 970 1156 ἀποταμόντες
1014 1081 1118 1156 τήν
1174 1080 1431 1157 κεφαλὴν
1484 1078 1937 1156 ἀνεσταύρωσαν·

331 1171 408 1244 τῷ
447 1167 522 1226 σι)
563 1167 667 1242 τήν
709 1167 906 1242 ὁμοίην
947 1167 1260 1238 ἀποδιδοῦς,
1304 1169 1525 1227 ἔπαινον
1568 1167 1704 1236 ἔξεις
1744 1171 1942 1243 πρῶτα

330 1257 434 1331 μὲν
458 1254 567 1314 ὖπό
594 1253 811 1314 πάντων
840 1255 1248 1331 Σπαρτιητέων,
1278 1255 1429 1319 αὖτις
1456 1256 1515 1314 δὲ
1544 1256 1635 1313 καὶ
1662 1255 1803 1331 πρός
1828 1259 1942 1315 τῶν

331 1342 524 1402 ἄλλων
562 1341 867 1418 Ἑλλήνων·
938 1343 1259 1420 Μαρδόνιον
1298 1343 1408 1424 γσῖρ
1457 1343 1937 1414 ἀνασκολοπίσας,

237 1433 311 1492 79
331 1431 704 1508 τετιμώρησαι
731 1435 786 1494 ἐς
810 1429 1034 1509 πάτρων
1057 1431 1158 1492 τόν
1196 1430 1303 1491 σὸν
1329 1429 1658 1506 Λεωνίδην.”
1738 1430 1807 1489 ‘O
1834 1433 1941 1506 μὲν

331 1519 532 1578 δοκέων
577 1519 908 1598 χαρίζεσθαι
957 1520 1113 1599 ἔλεγε
1161 1519 1309 1580 τάδε·
1380 1518 1412 1578 ὁ
1466 1518 1511 1578 δ’
1567 1519 1939 1595 ἀπαμείβετο

328 1607 540 1666 τοῖσδε·
591 1617 625 1642 “
645 1605 686 1664 ὦ
727 1608 870 1676 ξεῖνε
910 1611 1200 1688 Αἰγινῆτα,
1242 1605 1307 1666 τό
1358 1607 1461 1683 μὲν
1502 1605 1705 1666 εὐνοεῖν
1745 1631 1806 1666 τε
1847 1607 1941 1666 καὶ

331 1700 578 1774 προορᾶν
629 1693 844 1776 ἄγαμαι
896 1698 1017 1755 σεῦ·
1097 1695 1319 1777 γνώμης
1372 1695 1563 1771 μέντοι
1616 1693 1941 1777 ἡμάρτηκας

332 1788 602 1861 χρηστῆς·
647 1781 844 1859 ἐξάρας
879 1783 988 1863 γάρ
1026 1810 1099 1861 με
1141 1784 1287 1861 ὑψοῦ
1326 1784 1416 1842 καὶ
1456 1783 1559 1858 τήν
1595 1782 1812 1859 πάτρην
1846 1784 1941 1841 καὶ

327 1870 397 1931 τὸ
442 1874 618 1952 ἔργον,
669 1876 722 1933 ἐς
761 1871 827 1930 τὸ
868 1872 1041 1947 μηδὲν
1083 1872 1397 1947 κατέβαλες
1431 1871 1738 1946 παραινέων
1769 1880 1941 1949 νεκρῷ

329 1960 698 2035 λυμαίνεσθαι
744 1958 852 2025 καὶ,
895 1956 964 2032 ἢν
1009 1962 1185 2017 ταῦτα
1217 1958 1400 2029 ποιέω,
1440 1958 1552 2032 φὰς
1598 1956 1822 2034 ἄμεινόν
1865 1984 1939 2033 με

330 2045 694 2105 ἀκούσεσθαι·
736 2043 806 2102 τοὶ
837 2046 1036 2120 πρέπει
1077 2049 1303 2120 μᾶλλον
1346 2044 1701 2123 βαρβάροισι
1729 2046 1941 2105 ποιέειν

329 2131 472 2208 ἥπερ
488 2132 762 2206 Ἕλλησι·
805 2132 898 2189 καὶ
925 2132 1185 2191 ἐκείνοισι
1222 2133 1280 2191 δὲ
1320 2134 1743 2209 ἐπιφθονέομεν.
1828 2134 1939 2213 ε’γῶ

331 2218 378 2277 δ’
419 2216 493 2277 ὦν
533 2216 730 2275 τούτου
773 2218 952 2278 εἵνεκα
991 2219 1134 2295 μήτε
1175 2220 1511 2301 Αἰγινήτῃσι
1550 2220 1754 2297 ἅδοιμι,
1793 2220 1939 2297 μήτε

329 2307 481 2365 τοῖσι
506 2308 682 2364 ταῦτα
709 2304 1023 2382 ἀρέσκεται·
1059 2307 1286 2387 ἀποχρᾷ
1312 2307 1358 2367 δ’
1386 2308 1524 2384 ἐμοὶ,
1548 2308 1938 2387 Σπαρτιήτῃσι

330 2392 705 2469 ἀρεσκόμενον
743 2392 875 2453 ὅσια
917 2397 1022 2471 μὲν
1064 2397 1287 2465 ποιέειν,
1317 2395 1451 2456 ὅσια
1494 2396 1555 2455 δὲ
1599 2396 1689 2455 καὶ
1729 2397 1936 2475 λέγειν·

328 2482 574 2561 Λεωνίδῃ
597 2482 671 2551 δὲ,
693 2486 770 2559 τῷ
789 2508 862 2558 με
883 2482 1122 2545 κελεύεις
1150 2488 1478 2560 τιμωρῆσαι,
1504 2484 1654 2559 φημὶ
1678 2482 1940 2563 μεγάλως

328 2570 759 2648 τετιμωρῆσθαι·
803 2572 1029 2649 ψυχῇσί
1049 2596 1110 2631 τε
1136 2574 1271 2649 τῇσι
1304 2572 1473 2630 τῶνδε
1507 2568 1941 2647 ἀναριθμήτοισι.

326 2659 615 2734 τετίμηται
641 2656 805 2721 αὐτός
845 2684 906 2717 τε
945 2659 1036 2717 καὶ
1071 2662 1124 2717 οἱ
1156 2656 1327 2717 ἄλλοι
1360 2662 1413 2717 οἱ
1440 2663 1497 2719 ἐν
1532 2657 1943 2735 Θερμοπύλῃσι

328 2745 774 2820 τελευτήσαντες.
813 2744 888 2804 σύ
905 2746 1095 2823 μέντοι
1117 2747 1195 2804 ἔτι
1218 2746 1355 2824 ἔχων
1375 2745 1551 2827 λόγον
1565 2744 1781 2805 τοιόνδε
1793 2744 1943 2821 μήτε

328 2832 652 2909 προσέλθῃς
673 2833 878 2912 ἔμοιγε,
899 2831 1045 2909 μήτε
1064 2833 1521 2912 συμβουλεύσῃς·
1548 2834 1713 2913 χάριν
1734 2832 1856 2892 ἴσθι
1874 2858 1942 2893 τε

329 2917 434 2977 ε’ὣν
460 2917 727 2993 οἷπαθής.”
810 2918 842 2978 ὁ
860 2921 964 2994 μὲν
989 2922 1167 2977 ταῦτα
1187 2917 1434 2983 οἰκούσας
1460 2918 1899 2979 ἀπαλλάσσετο.

237 3005 312 3062 80
413 3005 741 3079 Παυσανίης
781 3004 841 3063 δὲ
882 3004 1139 3083 κήρυγμα
1177 3006 1555 3081 ποιησάμενος
1587 3005 1799 3081 μήδενα
1832 3004 1943 3064 ἅπ-

328 3090 528 3149 τεσθαι
553 3094 654 3164 τῆς
684 3090 864 3167 ληΐης,
893 3091 1253 3169 συγκομίζειν
1293 3092 1509 3150 ἐκέλευε
1548 3091 1677 3153 τούς
1704 3092 1946 3154 εἵλωτας

330 3174 402 3235 τσῖ
425 3173 708 3253 χρήματα·
751 3180 806 3235 οἱ
831 3176 890 3234 δὲ
927 3176 1032 3235 σῖνοῖ
1067 3176 1135 3235 τὰ
1172 3177 1552 3253 στρατόπεδον
1579 3177 1947 3254 σκιδνάμενοι

332 3258 590 3331 εὕρισκον
608 3261 818 3336 σκηνὰς
839 3264 1356 3337 κατεσκευασμένας
1370 3267 1563 3340 χρυσῷ
1584 3264 1676 3322 καὶ
1696 3262 1947 3343 ἀργύρῳ,
