2259 3500
315 112 373 157 1’”’
350 130 365 160 ι
378 114 407 157 4
928 108 1294 158 ἨΡΟΔΟΤΟΤ
1755 108 1908 173 [VII.

311 187 520 264 θάρσος
568 186 638 251 ὥς
682 187 837 247 οὐδὲν
878 186 1206 269 πεισόμενοι
1219 186 1410 267 ,ἄχαρι
1437 186 1626 287 πρὸς
1627 191 1728 275 τοῦ
1767 190 1911 266 βαρ-

309 274 513 352 βάρου·
571 278 623 333 oi
665 275 723 333 δὲ
764 274 827 335 οὗ
870 274 1054 338 δόντες
1097 280 1155 335 ἐν
1178 276 1440 352 δείματι
1448 252 1708 357 μεγάλω
1716 278 1912 337 κατέσ-

308 390 507 432 τασαν,
538 362 634 421 ἅτε
663 389 786 422 ουτε
813 368 945 423 νεῶν
975 364 1212 422 ἐουσέων
1240 368 1298 423 ἐν
1324 368 1396 441 τῇ
1415 363 1654 422 Ἑλλάδι
1673 362 1914 441 οἷριθμον

310 449 627 529 ἀξιομάχων
669 450 927 509 δέκεσθαι
966 450 1065 510 τόν
1106 450 1347 520 ἐπιόντα,
1379 450 1503 511 οὔτε
1549 452 1914 527 βουλομένων

311 542 418 597 τῶν
439 542 671 597 πολλῶν
688 536 1067 598 ἀντάπτεσθαι
1088 542 1188 598 τοῦ
1208 538 1478 615 πολέμου,
1495 538 1832 615 μηδιζόντων
1853 540 1913 599 δὲ

218 630 329 685 139
349 626 661 703 προθύμως.
744 624 1020 686 Ἐνθαῦτα
1054 625 1328 707 οἷναγκαιῃ
1363 626 1656 707 ἐξέργομαι
1685 652 1912 707 γνωμην

310 714 421 773 οἷπο
458 715 691 783 έξασθαι
731 715 1037 790 ἐπιφθονον
1076 716 1179 789 μὲν
1219 739 1359 789 προς
1395 718 1504 774 τῶν
1536 712 1786 774 πλεόνων
1821 714 1912 775 ἅν-

312 801 563 879 θρωπων·
608 801 755 879 ὅμως
786 802 861 871 δὲ,
897 806 970 879 τῇ
1000 802 1071 882 γέ
1100 827 1198 877 μοι
1241 802 1496 877 φαίνεται
1524 802 1661 861 εἶναι
1687 800 1908 877 ἀληθὲς,

311 889 408 950 οὗκ
453 889 765 969 ἐπισχήσω·
823 892 871 947 εἶ
908 887 1197 965 Ἀθηναῖοι
1245 888 1766 967 καταρρωδήσαντες
1813 890 1912 949 τᾶν

310 978 534 1038 ἐπιόντα
577 978 822 1037 κίνδυνον
865 977 1121 1046 ἐξέλιπον
1151 975 1256 1052 τήν
1293 977 1591 1055 σφετέρην,
1625 975 1662 1053 ἢ
1705 977 1797 1035 καὶ
1829 978 1910 1055 μὴ

312 1066 629 1127 ἐκλιπόντες
677 1064 831 1124 ἀλλὰ
882 1065 1164 1141 μείναντες
1219 1065 1420 1124 ἔδοσαν
1475 1066 1658 1142 σφέας
1713 1064 1912 1129 αὐτοῦς

308 1154 507 1231 Ξέρξῃ,
553 1152 695 1211 κατὰ
734 1152 838 1227 τὴν
880 1151 1184 1212 θάλασσαν
1227 1152 1458 1229 οὐδαμοὶ
1501 1151 1570 1212 ἂν
1618 1158 1910 1229 ἐπειρῶντο

309 1240 647 1317 οἷντιεύμενοι
682 1240 943 1315 βασιλέϊ·
995 1244 1041 1299 εἰ
1074 1240 1259 1299 τοίνυν
1297 1241 1437 1299 κατὰ
1471 1240 1573 1317 τήν
1610 1242 1912 1303 θάλασσαν

308 1328 496 1405 μηδεὶς
550 1327 805 1404 ἠντιοῦτο
854 1328 1050 1407 Ξέρξη,
1103 1327 1244 1387 κατά
1295 1354 1362 1409 γε
1415 1326 1484 1388 ἂν
1535 1328 1638 1405 τήν
1683 1328 1910 1408 ἤπειρον

308 1410 491 1475 τοιάδε
529 1417 755 1496 ἐγίνετο·
806 1420 853 1475 εἶ
890 1416 981 1474 καὶ
1006 1416 1220 1475 πολλοὶ
1255 1416 1479 1495 τειχέων
1515 1418 1738 1480 κιθῶνες
1762 1417 1912 1494 ἦσαν

311 1505 647 1582 ἐληλαμένοι
686 1504 775 1563 διὰ
810 1508 909 1565 τοῦ
944 1503 1180 1581 Ἰσθμοῦ
1217 1505 1749 1581 Πελοποννησίοισι,
1777 1532 1910 1583 προ-

307 1594 557 1656 δοθέντες
590 1591 658 1652 ἂν
693 1592 1122 1670 Λακεδαιμόνιοι
1160 1591 1270 1652 ὖπό
1307 1595 1418 1652 τῶν
1445 1592 1772 1672 συμμάχων,
1812 1594 1910 1653 οὐκ

308 1681 539 1742 ἑκόντων
580 1681 712 1741 ἀλλ’
754 1679 846 1740 ὕπ’
901 1680 1216 1764 οἷναγκαίης,
1275 1680 1416 1740 κατὰ
1467 1680 1644 1743 πόλις,
1684 1681 1910 1741 ἁλισκο-

307 1773 483 1848 μένων
536 1770 646 1830 ὖπὸ
693 1775 794 1830 τοῦ
837 1773 1092 1830 ναυτικοῦ
1147 1773 1392 1846 στρατοῦ
1439 1772 1541 1828 τσῦ
1587 1769 1909 1848 βαρβάρου,

311 1860 723 1935 ἐμουνώθησαν·
770 1859 1142 1935 μουνωθέντες
1177 1857 1235 1915 δὲ
1269 1856 1350 1930 ἂν,
1387 1856 1480 1914 καὶ
1513 1855 1912 1935 ἀποδεξάμενοι

312 1948 444 2026 ἔργα
480 1946 721 2026 μεγάλα,
752 1945 1029 2005 ἀπέθανον
1064 1946 1343 2026 γενναίως·
1425 1943 1460 2020 ἢ
1487 1949 1660 2004 ταῦτα
1686 1942 1755 2005 ἂν
1783 1947 1911 2004 ἔπα-

312 2035 425 2102 θον,
468 2033 503 2108 ἢ
544 2032 654 2110 πρὸ
696 2037 813 2100 τοῦ,
854 2030 1110 2107 ὁρέωντες
1145 2059 1214 2092 αν
1249 2033 1343 2090 καὶ
1377 2059 1507 2095 τους
1541 2031 1754 2095 αλλους
1775 2031 1912 2092 Ἐλ-

310 2124 481 2194 ληνας
534 2119 877 2196 μηδίζοντας,
933 2118 1210 2225 ὁμολογίῃ
1268 2119 1338 2179 ἂν
1401 2119 1715 2197 ἐχρήσαντο
1773 2147 1914 2197 προς

310 2208 537 2283 Ξέρξεα·
584 2208 673 2264 καὶ
704 2206 843 2266 οὕτω
870 2234 938 2266 αν
965 2205 1048 2266 ἐπ’
1077 2207 1373 2285 ἀμφότερα
1399 2206 1436 2282 ἦ
1461 2206 1728 2270 Ελλας’
1703 2210 1912 2288 εγίνετο

308 2322 417 2354 υπο
463 2296 746 2374 Πέρσῃσι·
804 2322 908 2372 την
948 2294 1059 2377 γοὶρ
1106 2294 1358 2372 ὠφελίην
1397 2321 1502 2370 την
1541 2301 1650 2356 τῶν
1688 2297 1914 2376 τειχέων

308 2387 416 2442 τῶν
445 2383 533 2441 διὰ
569 2387 669 2443 τοῦ
686 2447 689 2452 ,
705 2383 939 2461 Ἰσθμοῦ
968 2384 1326 2461 ἐληλαμένων
1355 2383 1420 2443 οὗ
1447 2382 1680 2460 δύναμαι
1705 2385 1911 2444 πυθέσ-

312 2471 405 2530 θαι
441 2471 562 2546 ἥτις
596 2469 664 2531 ἂν
700 2471 785 2548 ἦν,
812 2472 1091 2547 βασιλέος
1128 2473 1546 2549 ἐπικρατέοντος
1569 2475 1670 2547 τῆς
1699 2470 1910 2531 θαλάσ-

311 2585 433 2635 σης·
469 2563 566 2619 νῦν
595 2559 653 2618 δὲ
677 2558 1004 2635 Ἀθηναίους
1032 2558 1103 2619 ἅν
1127 2586 1212 2622 τις
1239 2561 1419 2640 λέγων
1447 2563 1703 2635 σωτῆρας
1722 2560 1911 2640 γενέσ-

312 2649 405 2707 θαι
456 2652 555 2723 τῆς
601 2646 893 2717 Ἑλλάδος,
944 2646 1041 2707 οὔκ
1090 2645 1159 2707 ἂν
1205 2647 1513 2724 ἁμαρτάνοι
1564 2647 1631 2706 τό
1687 2645 1912 2722 ἀληθές·

310 2735 463 2796 οὗτοι
500 2736 610 2818 γὰρ
654 2736 745 2795 ἐπὶ
786 2734 1021 2813 ὁκότερα
1059 2738 1170 2795 τῶν
1211 2734 1551 2816 πρηγμάτων
1589 2733 1912 2810 ἐτράποντο,

313 2829 489 2885 ταῦτα
513 2825 703 2902 ῥέψειν
730 2826 951 2900 ἔμελλε·
996 2822 1252 2900 ἑλόμενοι
1278 2823 1339 2881 δὲ
1363 2822 1466 2899 τὴν
1484 2821 1739 2882 Ἐλλάδα
1763 2845 1914 2897 περι-

312 2917 449 2972 εῖναι
477 2915 787 2990 ἐλευθέρην,
813 2915 981 2971 τοῦτο
1005 2911 1072 2971 τὸ
1097 2909 1434 2986 Ἐλληνικόν
1460 2914 1574 2971 πᾶν
1597 2908 1665 2970 τὸ
1691 2907 1909 2982 λοιπὸν,

314 3001 451 3062 ὅσον
476 3001 559 3079 μή
594 3001 837 3079 ἐμήδισε,
869 2999 1028 3059 αὐτοὶ
1064 2995 1218 3057 οὗτοι
1249 2997 1399 3073 ἦσαν
1432 3001 1484 3056 οἱ
1517 2997 1908 3076 ἐπεγείραντες,

314 3091 404 3148 καὶ
429 3091 683 3166 βασιλέα
708 3089 850 3167 μετά
873 3113 941 3169 γε
970 3083 1190 3149 θεοῦς’
1154 3084 1523 3162 ανωσάμενοι·
1566 3082 1695 3142 οὖδέ
1729 3088 1914 3158 σφεας

311 3179 629 3256 χρηστήρια.
654 3177 883 3256 φοβεροὶ
910 3173 1200 3235 ἐλθόντα’
1175 3199 1236 3232 εκ
1263 3175 1523 3247 Δελφῶν,
1554 3170 1645 3228 καὶ
1672 3174 1726 3233 ἐς
1753 3169 1914 3244 δεῖμα

314 3265 591 3336 βαλόντα,
620 3269 810 3328 ἔπεισε
846 3266 1093 3324 ἐκλιπεῖν
1125 3259 1231 3332 τήν
1254 3258 1526 3320 Ἑλλάδα·
1567 3255 1723 3316 ἀλλὰ
1749 3279 1911 3316 κατα-
