2259 3500
359 114 578 178 33—37]
1013 112 1321 159 orPAmA.
1862 112 1957 159 233

361 192 516 254 οὗτοι
569 190 814 270 ἐπέσχον
863 194 968 265 τῆς
1019 190 1277 259 Φωκίδος,
1332 188 1517 249 πάντα
1570 188 1958 265 ἐσιναμώρεον·

361 282 456 341 καὶ
493 279 604 359 γοῖρ
645 283 758 339 τῶν
795 279 1102 339 Πανοπέων
1148 276 1251 353 τὴν
1289 276 1459 336 πόλιν
1500 278 1825 354 ἐνέπρησαν,
1870 278 1961 335 καὶ

361 369 636 441 Δαυλίων,
707 368 800 425 καὶ
869 366 1190 426 Αἰολιδέων.
1275 364 1601 441 ἐπορεύοντο
1670 365 1729 423 δὲ
1788 363 1961 443 ταύτῃ

359 456 806 535 ἀποσχισθέντες
857 458 959 529 τῆς
1012 453 1195 529 ἄλλης
1236 458 1505 529 στρατιῆς
1550 453 1719 512 τῶνδε
1768 453 1961 522 εἵνεκα,

356 543 498 607 ὅκως
539 544 892 619 συλήσαντες
925 541 992 601 τό
1036 540 1157 618 ἶρόν
1188 540 1255 601 τό
1287 546 1345 600 ἐν
1382 544 1687 617 Δελφοῖσι,
1723 540 1963 616 βασιλέϊ

359 633 540 711 Ξέρξῃ
567 631 892 700 ἀποδέξαιεν
925 629 998 689 ταῖ
1023 628 1307 708 χρήματα.
1390 628 1573 688 πάντα
1608 628 1655 687 δ’
1680 628 1961 704 ἠπίστατο

357 719 430 779 τοὶ
473 726 532 779 ἐν
571 724 649 798 τῷ
695 722 790 797 ἱρῷ
821 716 936 800 ὅσα
969 716 1149 798 λόγου
1182 715 1253 792 ἦν
1288 716 1417 787 ἄξια
1460 716 1685 793 Ξέρξης,
1736 715 1805 779 ὥς
1853 715 1961 796 ἐγώ

359 805 724 882 πυνθάνομαι,
777 804 1002 881 ἄμεινον
1039 802 1078 880 ἢ
1115 804 1189 864 τὰ
1230 810 1289 865 ἐν
1327 808 1480 863 τοῖσι
1522 806 1747 863 οἰκίοισι
1787 805 1961 873 ἔλιπε,

360 897 596 954 πολλῶν
621 893 726 952 αἰεὶ
753 892 1046 973 λεγόντων,
1075 892 1169 951 καὶ
1192 890 1451 969 μα’λιστα
1484 892 1555 951 τὰ
1582 893 1835 968 Κροίσου
1860 895 1962 950 τοῦ

360 980 677 1041 Ἀλυάττεω
705 978 1048 1057 ἀναθήματα.
1121 983 1197 1039 Οἱ
1225 980 1449 1056 Δελφοὶ
1476 980 1535 1038 δὲ
1561 978 1964 1056 πυνθανόμενοι
1980 982 2055 1038 36

361 1072 554 1139 ταῦτα,
608 1073 663 1132 ἐς
701 1071 895 1127 πᾶσαν
933 1066 1207 1145 α’ρρωδίην
1248 1067 1505 1127 ἀπίκατο·
1548 1072 1607 1127 ἐν
1648 1068 1861 1144 δείματι
1902 1067 1962 1125 δὲ

361 1156 590 1238 μεγάλῳ
643 1160 1026 1227 κατεστεῶτες,
1085 1155 1449 1232 ἐμαντεύοντο
1494 1157 1621 1234 περὶ
1672 1159 1781 1215 τῶν
1836 1158 1965 1232 ἱρῶν
2016 1188 2023 1195 ·

361 1244 674 1322 χρημάτων,
733 1245 842 1303 εἶτε
896 1245 1052 1320 σφέα
1106 1243 1263 1303 κατὰ
1300 1248 1409 1325 γῆς
1460 1242 1804 1321 κατορύξωσι
1859 1243 1965 1302 εἴτε

365 1334 706 1409 ἐκκομίσωσι
739 1337 793 1394 ἐς
831 1331 1018 1407 ἄλλην
1060 1331 1247 1410 χώρην
1256 1358 1273 1401 3
1316 1332 1347 1391 ὁ
1392 1332 1451 1391 δὲ
1487 1331 1612 1395 θεός
1644 1338 1828 1407 σφεας
1863 1330 1963 1390 οὔκ

365 1418 428 1477 ἔα
453 1420 662 1492 κινέειν,
695 1419 810 1495 φσῖς
845 1417 1013 1482 ada-69
1047 1418 1233 1482 ἶκανός
1275 1419 1413 1479 εἶναι
1451 1422 1561 1479 τῶν
1594 1423 1795 1479 ἑωυτοῦ
1828 1445 1962 1495 προ-

365 1508 662 1582 κατῆσθαι.
746 1507 970 1581 Δελφοὶ
1023 1506 1084 1581 δὲ
1134 1510 1310 1567 ταῦτα
1363 1506 1715 1575 ἀκούσαντες,
1772 1508 1965 1582 σφέων

365 1592 542 1653 αὐτῶν
566 1595 694 1671 πέρι
721 1593 1062 1670 ἐφρόντιζον.
1146 1595 1311 1655 τέκνα
1335 1595 1439 1672 μέν
1466 1620 1562 1655 νυν
1589 1596 1681 1653 καὶ
1705 1597 1967 1674 γυναῖκας

364 1681 538 1760 πέρην
568 1686 624 1744 ἐς
657 1680 760 1758 τήν
800 1680 1057 1794 Ἀχαιὶξην
1089 1682 1419 1760 διέπεμψαν·
1460 1682 1641 1742 αὐτῶν
1678 1682 1739 1740 δὲ
1780 1684 1833 1740 οἱ
1861 1685 1967 1759 μὲν

363 1772 626 1830 πλεῖστοι
652 1769 996 1846 ἀνέβησαν’
971 1796 1026 1832 ες
1059 1775 1161 1830 τοῦ
1188 1774 1539 1848 Παρνησσοῦ
1565 1796 1665 1832 τας
1698 1769 1963 1846 κορυφὰς,

363 1858 458 1916 καὶ
497 1863 552 1922 ἐς
589 1858 656 1918 τὸ
700 1857 988 1936 Κωρυκιον
1027 1856 1229 1936 ἄντρον
1268 1857 1643 1934 ανηνείκαντο·
1718 1861 1772 1917 οἱ
1812 1859 1871 1916 δὲ
1912 1861 1969 1920 ἐς

355 1935 695 2024 ’Ἄμφισσαν
719 1946 823 2023 τὴν
848 1945 1096 2024 Λοκρίδα
1121 1945 1459 2022 ὖπεξηλθον·
1500 1945 1701 2009 πάντες
1728 1943 1855 2004 δὲ’
1814 1972 1887 2005 ων
1914 1949 1967 2005 οἱ

363 2034 588 2111 Δελφοὶ
629 2034 884 2104 ἐξέλιπον
915 2033 1020 2110 τήν
1058 2033 1245 2104 πόλιν,
1273 2033 1427 2109 πλην
1467 2033 1731 2110 ἑξήκοντα
1758 2033 1967 2112 ἀνδρῶν

363 2123 454 2180 καὶ
503 2125 604 2182 τοῦ
657 2121 976 2234 προφήτεω.
1059 2121 1218 2182 Ἐπεὶ
1266 2121 1325 2180 δὲ
1374 2120 1559 2202 ἀ’γχοῦ
1608 2148 1671 2182 τε
1716 2147 1867 2198 ησαν
1914 2149 1967 2181 οι
1949 2123 2059 2182 ‘37

361 2208 705 2286 βαρβαροι’
680 2209 925 2273 επιόντες
951 2235 1044 2268 και
1077 2209 1331 2287 ἀπῶρεον
1366 2237 1433 2270 το
1475 2210 1608 2286 ἷρον,
1638 2216 1695 2270 ἐν
1732 2237 1907 2271 τουτω
1935 2238 1967 2270 ο

361 2296 674 2372 προφήτης,
716 2300 794 2374 τῷ
833 2323 1044 2372 ουνομα
1082 2295 1153 2372 ἦν
1192 2297 1515 2374 Ἀκήρατος,
1572 2297 1677 2377 ὅρα
1716 2325 1827 2376 προ
1866 2301 1968 2358 τοῦ

363 2385 497 2456 νηοῦ
525 2382 678 2441 ὅπλα
701 2383 1038 2460 προκείμενα
1065 2385 1272 2444 ἔσωθεν
1298 2390 1360 2444 ἐκ
1385 2389 1486 2444 τοῦ
1512 2386 1760 2466 μεγάρου
1788 2387 1964 2463 ἐξενη-

364 2469 624 2546 νειγμένα
651 2469 760 2548 ipa,
787 2474 896 2531 τῶν
923 2469 1024 2530 οὐκ
1062 2470 1222 2532 ὅσιον
1254 2471 1324 2547 ἣν
1360 2471 1639 2534 ἅπτεσθαι
1666 2473 1969 2552 ἀνθρώπων

363 2554 560 2616 οὐδενί·
603 2555 637 2616 ἆ
661 2559 764 2634 μὲν
791 2557 860 2634 δὴ
895 2556 984 2634 ἤϊε
1011 2563 1256 2636 Δελφῶν
1286 2565 1440 2620 τοῖσι
1474 2566 1750 2638 παρεοῦσι
1784 2588 1967 2638 σημα-

362 2645 498 2704 νέων
521 2643 588 2704 r&
616 2645 796 2722 τέρας·
839 2647 894 2706 οἱ
919 2646 980 2706 δὲ
1010 2645 1303 2725 βάρβαροι
1336 2648 1523 2724 ἐπειδὴ
1550 2650 1797 2729 ἐγίνοντο
1826 2654 1967 2708 ἐπει-

362 2731 590 2813 γόμενοι
643 2733 784 2794 καταῖ
841 2735 909 2794 τὸ
973 2734 1093 2812 ἱρόν
1154 2740 1255 2812 τῆς
1319 2737 1601 2812 Προνηίης
1653 2735 1967 2812 Ἀθηναίης,

364 2823 671 2902 ἐπιγίνεταί
692 2829 806 2899 σφι
830 2824 992 2901 τέρεα
1018 2824 1098 2883 ἔτι
1132 2825 1339 2900 μέζονα
1372 2828 1475 2884 τοῦ
1511 2825 1641 2900 πρὶν
1668 2824 1968 2905 γενομένου

361 2904 565 2986 τέρεος·
609 2912 770 2988 θωμα
798 2914 903 2988 μὲν
933 2938 1044 2992 γαρ
1083 2913 1177 2970 καὶ
1211 2917 1377 2972 τοῦτο
1422 2911 1598 2990 κάρτα
1638 2912 1778 2981 ἐστὶ,
1816 2910 1969 2970 ὅπλα

361 2996 530 3074 αρήῖοι
561 2999 848 3076 αὐτόματα
886 3004 1135 3108 φανῆναι
1172 2999 1273 3069 ἔξω
1308 3001 1645 3077 προκείμενα
1676 3002 1777 3060 τοῦ
1814 3003 1967 3076 νηοῦ·

359 3111 432 3164 τα
474 3086 534 3145 δὲ
576 3086 644 3162 δὴ
689 3088 780 3147 ἐπὶ
817 3088 995 3166 τούτω
1048 3087 1277 3165 δευτερα
1329 3087 1691 3166 ἐπιγενόμενα
1746 3088 1837 3144 καὶ
1878 3087 1969 3147 δια

361 3172 582 3235 πάντων
629 3176 945 3254 φασμάτων
986 3175 1114 3244 ἄξια
1156 3173 1451 3251 θωυμάσαι
1490 3175 1765 3248 μάλιστα.
1851 3175 1969 3234 ἐπεὶ

360 3261 470 3341 γὰρ
497 3263 567 3340 δὴ
593 3263 744 3341 ἦσαν
771 3264 1018 3326 ἐπιόντες
1045 3267 1100 3322 οἱ
1126 3263 1421 3338 βάρβαροι
1448 3262 1591 3320 κατὰ
1628 3263 1697 3322 τὰ
1726 3262 1845 3339 ἶρὸν
1870 3266 1970 3338 τῆς
