2259 3500
321 135 550 224 60-64]
925 129 1303 180 KAAAIOIIH.
1828 131 1920 182 311
1971 165 1973 168 >

331 199 512 294 δονίω
514 213 622 272 καὶ
653 215 728 292 τῇ
757 209 998 290 στρατιῇ
1021 213 1093 289 τῇ
1117 208 1425 290 παρεούσῃ·
1466 208 1561 270 καὶ
1587 235 1655 270 ου
1677 209 1789 292 γάρ
1815 217 1929 324 σφι

331 301 542 382 ἐγίνετο
580 327 655 362 τα
696 298 922 380 σφάγια
961 297 1205 378 χρηστοὶ,
1249 295 1479 358 ἔπιπτόν
1530 322 1593 358 τε
1646 297 1825 358 αὐτῶν
1868 303 1929 359 ἐν

328 388 506 468 τούτῳ
528 391 606 468 τῷ
629 386 812 466 χρόνῳ
836 386 1049 446 πολλοὶ
1075 384 1168 444 καὶ
1193 387 1393 464 πολλῷ
1426 389 1659 450 πλεῦνες
1687 391 1928 463 ἐτρωμα-

326 476 565 547 τιζοντο·
594 474 904 553 φράξαντες
921 473 1030 554 γὰρ
1050 472 1122 532 τοὶ
1146 473 1321 553 γέρρα
1347 475 1400 531 οἱ
1422 472 1661 550 Πέρσαι,
1690 471 1930 538 ἀπίεσαν

328 566 439 624 τῶν
462 562 812 640 τοξευμάτων
831 560 1026 621 πολλὰ
1045 559 1312 636 ἀφειδέως
1331 559 1487 634 οὕτω,
1513 560 1658 621 ὥστε
1678 563 1927 638 πιεζομέ-

328 675 436 712 νων
460 654 570 711 τῶν
597 649 986 728 Σπαρτιητέων
1006 648 1225 708 καὶτῶν
1244 647 1507 728 σφαγίων
1528 647 1592 707 οὗ
1610 651 1927 729 γινομένων,

329 735 746 816 ἀποβλέψαντα
789 737 889 798 τόν
929 737 1262 812 Παυσανίην
1302 735 1443 813 πρός
1475 735 1543 796 τό
1583 735 1817 814 Ἡραῖον
1855 737 1924 799 τὸ

330 826 663 886 Πλαταιέων
683 825 1131 885 ἐπικαλέσασθαι
1150 823 1253 899 τὴν
1276 823 1417 893 θεόν,
1438 823 1735 904 χρηΐζοντα
1754 826 1927 902 μηδα-

327 916 446 989 μῶς
486 913 672 989 σφέας
711 915 1026 990 ψευσθῆναι
1063 916 1167 988 τῆς
1194 912 1437 975 ἐλπίδος.
1531 917 1719 974 Ταῦτα
1760 912 1806 972 δ’
1848 915 1926 975 ἔτι
1946 918 2023 976 62

328 1001 528 1061 τούτου
561 1000 1010 1078 ἐπικαλευμένου,
1037 999 1549 1077 προεξαναστάντες
1580 1000 1848 1079 πρότεροι
1873 1030 1927 1064 οι

328 1093 652 1170 Τεγεῆται’
626 1088 862 1168 εχώρεον
889 1093 946 1153 ἐς
967 1115 1100 1152 τους
1124 1087 1476 1167 βαρβάρους·
1520 1090 1611 1148 καὶ
1636 1094 1788 1150 τοῖσι
1813 1097 1927 1150 Λα-

328 1176 727 1255 κεδαιμονίοισι
751 1176 948 1238 αὐτίκα
973 1202 1116 1254 μετα
1141 1176 1245 1252 τήν
1272 1175 1441 1256 εὖχην
1464 1177 1569 1253 τήν
1596 1179 1926 1240 Παυσανίεω

328 1264 538 1346 ἐγίνετο
566 1267 890 1346 θυομένοισι
913 1291 985 1326 τα
1011 1265 1237 1346 σφάγια
1256 1265 1501 1344 χρηστά.
1564 1266 1637 1330 ὦς
1662 1267 1721 1326 δὲ
1745 1268 1927 1348 χρόνῳ

329 1379 455 1413 κοτε
481 1355 716 1435 ἐγένετο,
745 1354 982 1464 ἐχώρεον
1003 1353 1096 1412 καὶ
1123 1360 1278 1413 οὗτοι
1306 1354 1398 1413 ἐπὶ
1420 1379 1550 1417 τους
1575 1355 1806 1433 Πέρσας
1832 1358 1925 1416 καὶ

329 1443 384 1500 οἱ
410 1443 633 1518 Πέρσαι
659 1440 836 1502 οἷντίοι
853 1442 926 1500 τοὶ
949 1440 1087 1510 τόξα
1111 1440 1383 1515 μετέντες.
1468 1442 1676 1522 ἐγίνετο
1704 1443 1762 1502 δὲ
1782 1449 1925 1520 πρῶ-

326 1553 426 1588 τον
467 1529 596 1605 περὶ
627 1555 701 1588 τα
731 1529 906 1609 γέρρα
945 1528 1122 1608 μάχη·
1178 1553 1250 1592 ως
1290 1527 1351 1586 δὲ
1387 1531 1565 1587 ταῦτα
1602 1530 1923 1602 ἐπεπτώκεε,

325 1611 432 1691 ἤδη
473 1615 684 1696 ἐγίνετο
717 1613 876 1694 μάχη
915 1615 1120 1694 ἰσχυρὴ
1156 1612 1287 1692 παρ’
1320 1613 1454 1675 αὖτό
1485 1614 1551 1676 τό
1585 1616 1923 1694 Δημήτριον,

327 1703 420 1762 καὶ
458 1703 664 1783 χρόνον
704 1702 796 1763 ἐπὶ
835 1703 1073 1775 πολλὰν,
1111 1707 1167 1768 ἐς
1201 1731 1232 1764 ο
1268 1701 1533 1765 οἷπίκοντο
1571 1708 1625 1768 ἐς
1659 1704 1925 1783 ὠθισμόν·

325 1791 397 1851 τσῖ
420 1791 532 1873 γοὶρ
559 1792 766 1870 δόρατα
793 1784 1309 1870 ἐπιλαμβανόμενοι
1330 1792 1608 1853 κατέκλων
1629 1796 1682 1852 οἱ
1700 1793 1927 1871 βάρβα-

324 1906 433 1957 ροι.
515 1878 730 1957 λήματι
754 1880 858 1958 μέν
883 1906 980 1941 νυν
1007 1882 1100 1941 καὶ
1123 1880 1283 1961 ῥώμῃ
1312 1879 1411 1941 οὐκ
1440 1881 1671 1946 ἔσσονες
1694 1880 1845 1957 ἦσαν
1871 1886 1925 1943 οἱ

326 1968 570 2047 Πέρσαι·
611 1968 850 2030 ἄνοπλοι
887 1968 946 2029 δὲ
979 1968 1175 2040 ἐόντες,
1204 1969 1297 2028 καὶ
1322 1967 1462 2047 πρός
1488 1967 1924 2047 ἀνεπιστήμονες

323 2054 490 2132 ἦσαν,
518 2059 611 2117 καὶ
648 2058 748 2117 οὐκ
781 2056 966 2134 ὄμοῖοι
995 2061 1151 2119 τοῖσι
1186 2057 1483 2118 ἐναντίοισι
1519 2058 1749 2133 σοφίην·
1790 2085 1925 2135 προ-

327 2143 682 2213 εξαΐσσοντες
721 2145 782 2203 δὲ
823 2144 941 2206 κατ’
985 2146 1094 2215 ἕνα,
1138 2147 1231 2205 καὶ
1271 2146 1418 2215 δέκα,
1462 2147 1555 2205 καὶ
1592 2146 1825 2211 πλεῦνές
1864 2174 1925 2207 τε

326 2232 419 2290 καὶ
473 2231 783 2295 ἐλάσσονες
829 2232 1297 2309 συστρεφόμενοι,
1346 2235 1647 2295 ἐσέπιπτον
1692 2239 1749 2299 ἐς
1798 2262 1926 2300 τους

326 2318 696 2395 Σπαρτιήτας,
717 2344 811 2377 και
789 2318 1231 2394 διεφθείροντο.
1290 2324 1373 2395 Τῇ
1394 2320 1499 2377 δὲ’
1475 2348 1741 2401 ετυγχανε
1762 2323 1926 2387 αυτός
1944 2327 2021 2382 63

327 2403 430 2465 ἐων
482 2404 815 2481 Μαρδόνιος,
865 2402 959 2464 ἀπ’
1021 2404 1193 2463 ἵππου
1245 2431 1308 2465 τε
1358 2407 1673 2483 μαχόμενος
1724 2413 1925 2471 λευκοῦ

327 2492 468 2571 ἔχων
492 2517 554 2551 τε
579 2492 707 2569 περὶ
729 2491 927 2551 ἑωυτόν
953 2490 1200 2571 λογάδας
1220 2491 1486 2568 Περσέων
1511 2518 1639 2556 τους
1664 2494 1923 2571 ἀρίστους

323 2580 560 2657 χιλίους,
602 2578 777 2659 ταύτῃ
813 2580 872 2639 δὲ
909 2580 1002 2639 καὶ
1034 2577 1294 2656 μάλιστα
1328 2578 1455 2641 τοῦς
1498 2581 1771 2643 ἐναντίους
1810 2585 1923 2641 ἐπί-

327 2692 478 2727 εσαν.
542 2667 681 2728 ὅσον
705 2668 810 2745 μέν
835 2694 930 2729 νυν
959 2665 1167 2747 χρόνον
1194 2663 1511 2745 Μαρδόνιος
1545 2671 1755 2745 περιῆν,
1786 2672 1839 2729 οἱ
1865 2670 1923 2729 δὲ

325 2754 580 2834 ἀντεῖχον
622 2756 714 2815 καὶ
755 2754 1088 2834 ἀμυνόμενοι
1127 2757 1489 2831 κατέβαλλον
1528 2756 1778 2821 πολλοὺς
1815 2762 1925 2818 τῶν

324 2844 791 2921 Λακεδαιμονίων·
846 2843 918 2909 ὥς
957 2844 1017 2904 δὲ
1057 2843 1376 2921 Μαρδόνιος
1422 2844 1677 2914 ἀπέθανε,
1720 2820 1812 2903 κιῖὶ
1856 2845 1923 2906 τὸ

323 2930 453 3007 περὶ
505 2935 711 2993 ἐκεῖνον
759 2933 1112 3013 τεταγμένον,
1163 2931 1254 2993 ἐὰν
1302 2932 1683 3011 ἰσχυρότατον,
1739 2933 1920 3009 ἔπεσε,

323 3016 467 3079 οὕτω
495 3020 563 3096 δή
590 3021 682 3080 καὶ
710 3023 762 3079 οἶ
790 3019 962 3080 ἄλλοι
1001 3019 1305 3097 ἐτραποντο
1343 3022 1435 3079 καὶ
1464 3020 1612 3089 εἶξαν
1638 3025 1791 3079 τοῖσι
1809 3028 1921 3081 Λα-

324 3106 743 3184 κεδαιμονίοισι·
772 3113 1045 3169 πλεῖστον
1063 3107 1175 3190 γάρ
1198 3114 1381 3184 σφεας
1402 3108 1656 3183 εδηλέετο
1674 3135 1711 3184 η
1696 3108 1921 3184 εέσθῆς,

325 3198 530 3273 ἐρῆμος
555 3201 729 3257 ἐοῦσα
753 3194 964 3257 ὅπλων·
1005 3196 1147 3275 πρός
1169 3223 1281 3278 γαρ
1307 3194 1542 3260 οπλίτας
1581 3195 1761 3260 ἐόντες
1783 3222 1923 3279 γυμ-

323 3286 480 3361 νῆτες
523 3284 714 3367 ἀγῶνα
759 3288 1064 3347 ἐποιεῦντο.
1143 3284 1423 3346 Ἐνθαῦτα
1480 3284 1519 3361 ἥ
1556 3309 1619 3344 τε
1656 3282 1781 3362 δίκη
1822 3309 1923 3347 του
1897 3285 2018 3346 64:
