2259 3500
297 104 361 152 36
898 100 1265 149 ἭΡοΔοΤοτ
1802 101 1897 166 [V.

293 208 385 245 τες
419 180 657 260 ἐχούσης
685 187 738 244 ἐς
764 180 1110 255 Ἀθηναίους,
1138 178 1268 238 τότε
1294 178 1561 253 Θηβαίων
1602 177 1903 254 δεηθέντων

299 269 552 344 πόλεμον
579 268 887 345 ἀκήρυκτον
912 266 1267 343 Ἀθηναίοισι
1295 267 1586 342 ἐπέφερον·
1634 269 1900 344 ἐπικειμέ-

295 383 400 417 νων
441 383 552 436 γαρ
599 355 776 416 αὗτῶν
818 361 1134 427 Βοιωτοῖσι,
1183 353 1603 416 ε’πιπλωσαντες
1648 381 1902 433 μακρῃσι

295 446 460 520 νηυσὶ
505 449 558 507 ἐς
599 471 701 520 την
736 445 1012 520 Ἀττικην,
1055 471 1197 503 κατα
1238 446 1341 521 μὲν
1380 444 1584 536 ἔσυραν
1618 443 1899 520 Φάληρον,

297 533 438 592 κατοὶ
464 533 524 590 δὲ
551 537 650 607 τῆς
684 532 865 609 ἄλλης
893 532 1175 610 παραλίης
1216 531 1469 594 πολλους
1508 524 1735 606 δήμους·
1776 557 1899 592 ποι-

295 625 476 682 εῦντες
502 620 561 678 δὲ
587 625 777 695 ταῦτα,
809 621 1067 704 μεγαλως
1091 620 1475 697 Ἀθηναίους’
1450 619 1722 679 εσίνοντο.

200 711 276 768 82
375 707 450 768 Ἦ
485 709 543 768 δὲ
586 710 758 788 ἔχθρη
799 735 836 786 η
877 709 1335 786 προοφειλομένη
1376 713 1430 770 ἐς
1468 705 1797 782 Αθηναίους
1839 713 1899 766 ἐκ

297 802 407 857 τῶν
433 798 841 878 Αἶγινητέων,’
817 799 1034 879 εγένετο
1062 797 1183 867 ἐξ’
1150 801 1327 877 αρχῆς
1351 795 1600 871 τοιῆσδε·
1641 794 1896 854 Ἐπιδαυ-

295 886 472 962 ρίοισι
511 885 549 962 ἦ
589 891 666 967 γῆ
709 886 926 964 καρπὸν
954 885 1151 946 οὐδένα
1178 884 1393 944 ἅνεδίο
1528 885 1658 960 περὶ
1696 883 1900 960 ταύτης

295 972 370 1034 ὧν
410 979 511 1050 τῆς
549 979 852 1051 συμφορῆς
892 977 946 1032 οἱ
971 973 1318 1049 Ἐπιδαυριοι
1360 972 1630 1050 ἐχρέωντο
1669 976 1727 1030 ἐν
1755 976 1898 1030 Δελ-

299 1066 486 1136 φοῖσι·
527 1063 566 1139 ἦ
611 1063 670 1122 δὲ
713 1063 901 1137 Πυθίη
943 1063 1129 1139 σφέας
1174 1062 1393 1120 ε’κέλευε
1436 1062 1655 1136 Δαμίης
1701 1085 1763 1118 τε
1808 1061 1899 1119 καὶ

296 1149 581 1226 Αὐξησίης
607 1149 912 1231 ἀγάλματα
954 1148 1308 1227 ἱδρύσασθαι,
1338 1149 1436 1206 καί
1463 1154 1575 1223 σφι
1604 1148 1897 1225 ἱδρυσαμέ-

295 1263 446 1296 νοισι
479 1237 706 1315 ἄμεινον
747 1238 1135 1298 συνοίσεσθαι·
1180 1236 1504 1314 ἐπειρώτεον
1546 1235 1619 1295 ὧν
1660 1239 1715 1294 οἱ
1742 1235 1898 1295 Ἐπι-

299 1324 512 1403 δαῦριοι
565 1325 766 1401 κότερα
818 1329 1038 1404 χαλκοῦ
1085 1324 1379 1384 ποιέωνται
1426 1323 1521 1404 [τὰ
1568 1323 1893 1406 ἀγάλματα]

295 1411 331 1488 ἦ
357 1413 542 1474 λίθου·
584 1414 623 1490 ἦ
649 1414 708 1473 δὲ
749 1414 936 1490 Πυθίη
975 1412 1235 1491 οὐδέτερα
1266 1411 1475 1472 τούτων
1504 1413 1579 1485 ἔα,
1611 1411 1766 1470 οἷλλά
1808 1412 1893 1481 ξύ-

293 1503 400 1561 λου
441 1501 654 1580 ἡμέρης
679 1503 889 1578 ἐλαίης·
933 1502 1151 1562 ἐδέοντο
1180 1500 1255 1562 ὧν
1282 1503 1335 1559 οἶ
1359 1499 1706 1576 Ἐπιδαύριοι
1730 1499 1896 1577 Ἀθη-

295 1590 460 1650 ναίων
513 1591 706 1666 ε’λαίην
754 1597 866 1668 σφι
921 1591 1112 1649 δοῦναι
1156 1590 1456 1666 ταμέσθαι,
1508 1588 1773 1665 ἱρωτάτας
1826 1587 1895 1666 δὴ

298 1679 476 1743 κείνας
518 1678 832 1757 νομίζοντες
875 1679 1032 1738 εἶναι·
1089 1677 1317 1760 λέγεται
1363 1677 1423 1736 δὲ
1466 1677 1558 1735 καὶ
1598 1677 1670 1741 ὦς
1714 1681 1897 1738 ἐλαῖαι

295 1765 446 1841 ἦσαν
487 1768 696 1828 ἄλλοθι
735 1772 841 1847 γῆς
879 1768 1128 1844 οὐδαμοῦ
1171 1766 1287 1825 κατ’
1316 1770 1525 1825 ἐκεῖνον
1546 1766 1647 1825 τὸν
1672 1766 1892 1845 χρόνον,

294 1853 332 1931 ἢ
357 1855 651 1935 Ἀθήνῃσι·
695 1858 750 1915 οἱ
777 1856 835 1914 δὲ
869 1856 962 1913 ε’πὶ
1001 1856 1195 1914 τοῖσδε
1235 1854 1435 1913 δώσειν
1476 1854 1714 1929 ἔφασαν,
1744 1854 1827 1912 ἐπ’
1854 1854 1897 1934 ᾧ

295 1942 576 2013 ἀπάξουσι
605 1944 752 2005 ἔτεος
779 1942 1018 2001 ἑκάστου
1044 1945 1117 2021 τῇ
1142 1942 1411 2019 Ἀθηναίῃ
1436 1945 1509 2019 τῇ
1530 1941 1775 2000 Πολιάδι
1802 1944 1895 2020 {pti

295 2030 387 2087 καὶ
429 2034 506 2108 τῷ
544 2029 822 2108 Ἐρεχθέῖ·
865 2031 1289 2093 καταινέσαντες
1331 2028 1377 2088 δ’
1413 2027 1505 2088 ε’πὶ
1546 2028 1799 2089 τούτοισι
1840 2034 1895 2091 οἱ

292 2115 656 2193 Ἐπιδαύριοι,
684 2120 794 2176 τῶν
817 2143 880 2176 τε
908 2116 1126 2177 ἐδέοντο
1156 2120 1353 2197 ἔτυχον
1379 2118 1471 2176 καὶ
1498 2115 1804 2197 ἀγάλματα
1833 2118 1893 2178 ἔκ

291 2208 402 2264 τῶν
430 2203 658 2265 ε’λαιέων
682 2205 918 2265 τουτέων
949 2205 1321 2284 ποιησάμενοι
1365 2204 1682 2282 ἱδρύσαντο·
1726 2207 1818 2264 καὶ
1857 2205 1894 2283 ἥ

292 2319 354 2353 τε
377 2297 454 2375 γῆ
481 2299 594 2369 σφι
623 2296 802 2371 ἔφερε,
827 2295 918 2353 καὶ
942 2294 1295 2371 Ἀθηναίοισι
1323 2295 1615 2355 ε’πετέλεον
1638 2295 1711 2354 τοὶ
1736 2297 1895 2354 συνέ-

199 2384 274 2440 83
295 2382 469 2442 θεντο.
555 2387 767 2443 Τοῦτον
805 2382 850 2441 δ’
877 2383 958 2462 ἔτι
994 2383 1092 2443 τόν
1123 2382 1329 2462 χρόνον
1371 2384 1462 2443 καὶ
1498 2384 1609 2461 πρό
1651 2386 1768 2453 τοῦ,
1797 2387 1893 2442 Αἰ-

291 2474 512 2549 γινῆται
553 2468 918 2548 Ἐπιδαυρίων
959 2470 1164 2547 ἤκουον
1200 2498 1271 2530 τα
1300 2498 1363 2531 τε
1400 2471 1571 2541 ἅλλα,
1612 2472 1705 2531 καὶ
1742 2471 1895 2534 δίκας

292 2556 673 2633 διαβαίνοντες
715 2564 770 2622 ἐς
801 2558 1138 2635 Ἐπίδαυρον
1180 2558 1439 2619 ἐδίδοσάν
1479 2584 1542 2617 τε
1586 2558 1679 2617 καὶ
1722 2559 1893 2636 ἐλάμ-

293 2645 476 2720 βανον
501 2646 631 2723 παρ’
659 2645 928 2721 ἀλλήλων
961 2673 1014 2705 οι
1039 2645 1461 2727 Αἰγινῆται·τό
1488 2644 1609 2703 δὲ’
1574 2644 1687 2705 από
1713 2646 1890 2717 τοῦδε,

289 2732 424 2809 νῆάς
448 2759 510 2793 τε
535 2733 842 2811 πηξάμενοι
869 2734 962 2793 καὶ
988 2732 1357 2813 ἀγνωμοσύνῃ
1376 2732 1744 2811 χρησάμενοι,
1762 2732 1892 2793 ἀπέ-

289 2847 512 2897 στησαν
553 2820 665 2881 dard
714 2826 824 2881 τῶν
868 2820 1263 2899 Ἐπιδαυρίων·
1299 2819 1397 2880 ἅτε
1440 2821 1501 2879 δὲ
1550 2819 1731 2883 ἐόντες
1780 2821 1893 2880 διά-

292 2915 478 2988 φοροι,
516 2910 782 2986 δηλέοντο
827 2908 1025 2973 αὐτοῦς
1067 2908 1215 2969 ὥστε
1256 2908 1323 2985 δὴ
1363 2908 1894 2986 θαλασσοκράτορες

289 2996 486 3069 ἐόντες,
518 2998 610 3058 καὶ
637 2998 704 3075 δὴ
733 2997 826 3057 καὶ
851 2997 924 3059 τοὶ
951 2997 1255 3079 ἀγάλματα
1279 3000 1456 3057 ταῦτα
1475 3001 1576 3071 τῆς
1592 3021 1655 3055 τε
1674 2997 1894 3073 Δαμίης

293 3085 387 3144 καὶ
413 3090 514 3163 τῆς
539 3086 827 3163 Αὐξησίης
853 3085 1209 3163 ὑπαιρέονται
1236 3084 1431 3156 αὐτῶν,
1460 3086 1558 3144 καί
1579 3090 1735 3160 σφεα
1774 3090 1892 3142 ε’κο-

287 3174 530 3249 μίσαντό
572 3202 635 3235 τε
680 3178 773 3236 καὶ
818 3171 1114 3252 ἱδρύσαντο
1147 3179 1248 3251 τῆς
1292 3174 1571 3251 σφετέρης
1614 3173 1798 3251 χώρης
1838 3175 1891 3231 ἐς

288 3260 392 3327 ’ἢν
431 3264 763 3342 μεσόγαιαν·
807 3267 877 3345 τῇ
907 3265 1018 3341 Οἴη
1051 3264 1157 3342 μέν
1184 3268 1307 3324 ε’στι
1333 3262 1559 3337 οὕνομα,
1588 3258 1792 3319 στάδια
1832 3255 1892 3311 δὲ
