<?xml version="1.0" encoding="UTF-8"?>
<!DOCTYPE html PUBLIC "-//W3C//DTD XHTML 1.0 Transitional//EN"
    "http://www.w3.org/TR/xhtml1/DTD/xhtml1-transitional.dtd">
<html xmlns="http://www.w3.org/1999/xhtml" xml:lang="en" lang="en">
 <head>
  <title>
</title>
<meta http-equiv="Content-Type" content="text/html;charset=utf-8" />
  <meta name='ocr-system' content='tesseract 3.04.00' />
  <meta name='ocr-capabilities' content='ocr_page ocr_carea ocr_par ocr_line ocrx_word'/>
</head>
<body>
  <div class='ocr_page' id='page_1' title='image "./herodotus18herogoog_0312.png"; bbox 0 0 2259 3500; ppageno 0'>
   <div class='ocr_carea' id='block_1_1' title="bbox 309 106 1925 738">
    <p class='ocr_par' dir='ltr' id='par_1_1' title="bbox 311 106 1925 702">
     <span class='ocr_line' id='line_1_1' title="bbox 311 106 1921 172; baseline 0.001 -15"><span class='ocrx_word' id='word_1_1' title='bbox 311 107 410 158; x_wconf 76' lang='lat'>304</span> <span class='ocrx_word' id='word_1_2' title='bbox 925 106 1295 157; x_wconf 66' lang='lat' dir='ltr'><strong>mommo‘r</strong></span> <span class='ocrx_word' id='word_1_3' title='bbox 1790 106 1921 172; x_wconf 73' lang='lat' dir='ltr'>[Lx</span> 
     </span>
     <span class='ocr_line' id='line_1_2' title="bbox 309 184 1925 296; baseline -0.001 -47.977"><span class='ocrx_word' id='word_1_4' title='bbox 309 186 704 264; x_wconf 78' lang='grc' dir='ltr'>Ἂλεξάνδρου·</span> <span class='ocrx_word' id='word_1_5' title='bbox 753 187 790 248; x_wconf 78' lang='grc' dir='ltr'>ὅ</span> <span class='ocrx_word' id='word_1_6' title='bbox 827 187 889 245; x_wconf 80' lang='grc' dir='ltr'>δὲ</span> <span class='ocrx_word' id='word_1_7' title='bbox 926 184 1106 266; x_wconf 73' lang='grc' dir='ltr'>τούτῳ</span> <span class='ocrx_word' id='word_1_8' title='bbox 1150 211 1229 264; x_wconf 90' lang='grc' dir='ltr'>τω</span> <span class='ocrx_word' id='word_1_9' title='bbox 1269 185 1435 296; x_wconf 84' lang='grc' dir='ltr'>λόγω</span> <span class='ocrx_word' id='word_1_10' title='bbox 1490 186 1925 296; x_wconf 78' lang='grc' dir='ltr'>καταρρωδήσας</span> 
     </span>
     <span class='ocr_line' id='line_1_3' title="bbox 314 272 1924 382; baseline -0.001 -48"><span class='ocrx_word' id='word_1_11' title='bbox 314 301 446 340; x_wconf 85' lang='grc' dir='ltr'>τους</span> <span class='ocrx_word' id='word_1_12' title='bbox 500 277 747 352; x_wconf 82' lang='grc' dir='ltr'>Πέρσας,</span> <span class='ocrx_word' id='word_1_13' title='bbox 797 274 958 382; x_wconf 77' lang='grc' dir='ltr'>ἔλεγε</span> <span class='ocrx_word' id='word_1_14' title='bbox 997 273 1157 334; x_wconf 77' lang='grc' dir='ltr'>τάδε··</span> <span class='ocrx_word' id='word_1_15' title='bbox 1228 272 1377 332; x_wconf 80' lang='grc' dir='ltr'>ιε’πεὶ</span> <span class='ocrx_word' id='word_1_16' title='bbox 1421 273 1606 332; x_wconf 80' lang='grc' dir='ltr'>τοίνυν</span> <span class='ocrx_word' id='word_1_17' title='bbox 1660 277 1715 336; x_wconf 79' lang='grc' dir='ltr'>ἐς</span> <span class='ocrx_word' id='word_1_18' title='bbox 1760 273 1843 350; x_wconf 76' lang='grc' dir='ltr'><em>ηῶ</em></span> <span class='ocrx_word' id='word_1_19' title='bbox 1881 274 1924 352; x_wconf 81' lang='grc' dir='ltr'><em>ἦ</em></span> 
     </span>
     <span class='ocr_line' id='line_1_4' title="bbox 316 358 1923 472; baseline -0.001 -49"><span class='ocrx_word' id='word_1_20' title='bbox 316 361 592 472; x_wconf 86' lang='grc' dir='ltr'>συμβολη</span> <span class='ocrx_word' id='word_1_21' title='bbox 622 363 850 444; x_wconf 88' lang='grc' dir='ltr'>γίνεται,</span> <span class='ocrx_word' id='word_1_22' title='bbox 886 362 1058 439; x_wconf 74' lang='grc' dir='ltr'>ὑμέας</span> <span class='ocrx_word' id='word_1_23' title='bbox 1095 363 1201 437; x_wconf 83' lang='grc' dir='ltr'>μὲν</span> <span class='ocrx_word' id='word_1_24' title='bbox 1234 358 1402 438; x_wconf 84' lang='grc' dir='ltr'>χρεόν</span> <span class='ocrx_word' id='word_1_25' title='bbox 1442 365 1566 420; x_wconf 86' lang='grc' dir='ltr'>ε’στι</span> <span class='ocrx_word' id='word_1_26' title='bbox 1600 386 1730 424; x_wconf 86' lang='grc' dir='ltr'>τους</span> <span class='ocrx_word' id='word_1_27' title='bbox 1750 359 1923 472; x_wconf 81' lang='grc' dir='ltr'>Ἀθη-</span> 
     </span>
     <span class='ocr_line' id='line_1_5' title="bbox 315 447 1924 526; baseline 0.001 -14"><span class='ocrx_word' id='word_1_28' title='bbox 315 452 500 514; x_wconf 83' lang='grc' dir='ltr'>ναίους</span> <span class='ocrx_word' id='word_1_29' title='bbox 526 455 728 526; x_wconf 86' lang='grc' dir='ltr'>στῆναι</span> <span class='ocrx_word' id='word_1_30' title='bbox 756 476 896 512; x_wconf 87' lang='grc' dir='ltr'>κατα</span> <span class='ocrx_word' id='word_1_31' title='bbox 920 475 1050 512; x_wconf 88' lang='grc' dir='ltr'>τους</span> <span class='ocrx_word' id='word_1_32' title='bbox 1070 448 1319 526; x_wconf 89' lang='grc' dir='ltr'>Πέρσας,</span> <span class='ocrx_word' id='word_1_33' title='bbox 1339 447 1515 524; x_wconf 75' lang='grc' dir='ltr'>ἡμέας</span> <span class='ocrx_word' id='word_1_34' title='bbox 1540 447 1600 508; x_wconf 84' lang='grc' dir='ltr'>δὲ</span> <span class='ocrx_word' id='word_1_35' title='bbox 1628 474 1769 510; x_wconf 87' lang='grc' dir='ltr'>κατα</span> <span class='ocrx_word' id='word_1_36' title='bbox 1794 475 1924 514; x_wconf 80' lang='grc' dir='ltr'>τους</span> 
     </span>
     <span class='ocr_line' id='line_1_6' title="bbox 313 535 1923 617; baseline -0.001 -19"><span class='ocrx_word' id='word_1_37' title='bbox 313 538 589 603; x_wconf 81' lang='grc' dir='ltr'>Βοιωτούς</span> <span class='ocrx_word' id='word_1_38' title='bbox 612 565 676 598; x_wconf 91' lang='grc' dir='ltr'>τε</span> <span class='ocrx_word' id='word_1_39' title='bbox 702 539 794 598; x_wconf 84' lang='grc' dir='ltr'>καὶ</span> <span class='ocrx_word' id='word_1_40' title='bbox 819 563 950 602; x_wconf 91' lang='grc' dir='ltr'>τους</span> <span class='ocrx_word' id='word_1_41' title='bbox 977 537 1093 597; x_wconf 85' lang='grc' dir='ltr'>κατ’</span> <span class='ocrx_word' id='word_1_42' title='bbox 1124 536 1296 614; x_wconf 76' lang='grc' dir='ltr'>ὑμέας</span> <span class='ocrx_word' id='word_1_43' title='bbox 1320 536 1688 617; x_wconf 78' lang='grc' dir='ltr'>τεταγμένους</span> <span class='ocrx_word' id='word_1_44' title='bbox 1714 535 1923 614; x_wconf 77' lang='grc' dir='ltr'>Ἑλλή-</span> 
     </span>
     <span class='ocr_line' id='line_1_7' title="bbox 314 624 1923 738; baseline -0.002 -51"><span class='ocrx_word' id='word_1_45' title='bbox 314 653 435 697; x_wconf 90' lang='grc' dir='ltr'>νων,</span> <span class='ocrx_word' id='word_1_46' title='bbox 481 625 652 686; x_wconf 80' lang='grc' dir='ltr'>τῶνδε</span> <span class='ocrx_word' id='word_1_47' title='bbox 695 627 894 686; x_wconf 79' lang='grc' dir='ltr'>εἵνεκα·</span> <span class='ocrx_word' id='word_1_48' title='bbox 937 625 1116 738; x_wconf 52' lang='lat' dir='ltr'>:hails-</span> <span class='ocrx_word' id='word_1_49' title='bbox 1160 625 1471 684; x_wconf 79' lang='grc' dir='ltr'>ἐπίστασθε</span> <span class='ocrx_word' id='word_1_50' title='bbox 1515 649 1645 687; x_wconf 87' lang='grc' dir='ltr'>τους</span> <span class='ocrx_word' id='word_1_51' title='bbox 1692 624 1923 700; x_wconf 83' lang='grc' dir='ltr'>Μήδους</span> 
     </span>
    </p>
   </div>
   <div class='ocr_carea' id='block_1_2' title="bbox 316 711 1922 880">
    <p class='ocr_par' dir='ltr' id='par_1_2' title="bbox 316 711 1922 880">
     <span class='ocr_line' id='line_1_8' title="bbox 316 711 1919 794; baseline -0.001 -19"><span class='ocrx_word' id='word_1_52' title='bbox 316 715 408 775; x_wconf 84' lang='grc' dir='ltr'>καὶ</span> <span class='ocrx_word' id='word_1_53' title='bbox 450 715 554 790; x_wconf 83' lang='grc' dir='ltr'>τήν</span> <span class='ocrx_word' id='word_1_54' title='bbox 585 713 774 794; x_wconf 82' lang='grc' dir='ltr'>μάχην</span> <span class='ocrx_word' id='word_1_55' title='bbox 817 712 1012 787; x_wconf 57' lang='lat' dir='ltr'>ada-«312,</span> <span class='ocrx_word' id='word_1_56' title='bbox 1060 719 1118 773; x_wconf 82' lang='grc' dir='ltr'>ἐν</span> <span class='ocrx_word' id='word_1_57' title='bbox 1165 713 1474 788; x_wconf 80' lang='grc' dir='ltr'>Μαραθῶνι</span> <span class='ocrx_word' id='word_1_58' title='bbox 1514 711 1919 789; x_wconf 85' lang='grc' dir='ltr'>μαχεσάμενοι·</span> 
     </span>
     <span class='ocr_line' id='line_1_9' title="bbox 319 798 1922 880; baseline 0 -18"><span class='ocrx_word' id='word_1_59' title='bbox 319 801 478 879; x_wconf 78' lang='grc' dir='ltr'>ἡμεῖς</span> <span class='ocrx_word' id='word_1_60' title='bbox 523 802 584 862; x_wconf 84' lang='grc' dir='ltr'>δὲ</span> <span class='ocrx_word' id='word_1_61' title='bbox 627 800 852 880; x_wconf 86' lang='grc' dir='ltr'>απειροί</span> <span class='ocrx_word' id='word_1_62' title='bbox 885 801 951 862; x_wconf 88' lang='grc' dir='ltr'>τέ</span> <span class='ocrx_word' id='word_1_63' title='bbox 997 804 1149 877; x_wconf 84' lang='grc' dir='ltr'>εἰμεν</span> <span class='ocrx_word' id='word_1_64' title='bbox 1194 800 1287 860; x_wconf 80' lang='grc' dir='ltr'>καὶ</span> <span class='ocrx_word' id='word_1_65' title='bbox 1330 798 1519 862; x_wconf 74' lang='grc' dir='ltr'>ἀδαέες</span> <span class='ocrx_word' id='word_1_66' title='bbox 1558 798 1767 860; x_wconf 84' lang='grc' dir='ltr'>τούτων</span> <span class='ocrx_word' id='word_1_67' title='bbox 1810 801 1922 862; x_wconf 70' lang='grc' dir='ltr'>τῶν</span> 
     </span>
    </p>
   </div>
   <div class='ocr_carea' id='block_1_3' title="bbox 209 887 1925 3328">
    <p class='ocr_par' dir='ltr' id='par_1_3' title="bbox 311 887 1925 1849">
     <span class='ocr_line' id='line_1_10' title="bbox 314 887 1919 970; baseline -0.002 -20"><span class='ocrx_word' id='word_1_68' title='bbox 314 890 544 968; x_wconf 75' lang='grc' dir='ltr'>ἀνδρῶν·</span> <span class='ocrx_word' id='word_1_69' title='bbox 602 891 992 968; x_wconf 79' lang='grc' dir='ltr'>Σπαρτιητέων</span> <span class='ocrx_word' id='word_1_70' title='bbox 1032 915 1145 970; x_wconf 93' lang='grc' dir='ltr'>γαρ</span> <span class='ocrx_word' id='word_1_71' title='bbox 1186 887 1361 963; x_wconf 76' lang='grc' dir='ltr'>οὐδεὶς</span> <span class='ocrx_word' id='word_1_72' title='bbox 1411 888 1741 964; x_wconf 81' lang='grc' dir='ltr'>πεπείρηται</span> <span class='ocrx_word' id='word_1_73' title='bbox 1792 889 1919 964; x_wconf 86' lang='grc' dir='ltr'>Μή-</span> 
     </span>
     <span class='ocr_line' id='line_1_11' title="bbox 317 976 1925 1055; baseline -0.001 -17"><span class='ocrx_word' id='word_1_74' title='bbox 317 978 442 1039; x_wconf 84' lang='grc' dir='ltr'>δων·</span> <span class='ocrx_word' id='word_1_75' title='bbox 519 977 682 1055; x_wconf 73' lang='grc' dir='ltr'>ἡμεῖς</span> <span class='ocrx_word' id='word_1_76' title='bbox 733 979 794 1038; x_wconf 83' lang='grc' dir='ltr'>δὲ</span> <span class='ocrx_word' id='word_1_77' title='bbox 845 981 1103 1038; x_wconf 59' lang='lat' dir='ltr'><strong><em>Bonan-&lt;BV</em></strong></span> <span class='ocrx_word' id='word_1_78' title='bbox 1157 977 1249 1035; x_wconf 85' lang='grc' dir='ltr'>καὶ</span> <span class='ocrx_word' id='word_1_79' title='bbox 1302 978 1617 1036; x_wconf 74' lang='grc' dir='ltr'>Θεσσαλῶν</span> <span class='ocrx_word' id='word_1_80' title='bbox 1671 976 1925 1054; x_wconf 80' lang='grc' dir='ltr'>ἔμπειροί</span> 
     </span>
     <span class='ocr_line' id='line_1_12' title="bbox 314 1061 1919 1143; baseline -0.001 -18"><span class='ocrx_word' id='word_1_81' title='bbox 314 1091 484 1143; x_wconf 89' lang='grc' dir='ltr'>ειμεν.</span> <span class='ocrx_word' id='word_1_82' title='bbox 565 1063 697 1124; x_wconf 73' lang='grc' dir='ltr'>ἀλλ’</span> <span class='ocrx_word' id='word_1_83' title='bbox 723 1064 1117 1141; x_wconf 71' lang='grc' dir='ltr'>ἀναλαβόντας</span> <span class='ocrx_word' id='word_1_84' title='bbox 1148 1090 1220 1124; x_wconf 89' lang='grc' dir='ltr'>τα</span> <span class='ocrx_word' id='word_1_85' title='bbox 1253 1063 1405 1124; x_wconf 84' lang='grc' dir='ltr'>ὅπλα</span> <span class='ocrx_word' id='word_1_86' title='bbox 1429 1061 1597 1141; x_wconf 79' lang='grc' dir='ltr'>χρεόν</span> <span class='ocrx_word' id='word_1_87' title='bbox 1623 1067 1747 1122; x_wconf 85' lang='grc' dir='ltr'>ε’στι</span> <span class='ocrx_word' id='word_1_88' title='bbox 1784 1065 1919 1124; x_wconf 83' lang='grc' dir='ltr'>ῑεναι</span> 
     </span>
     <span class='ocr_line' id='line_1_13' title="bbox 314 1150 1920 1257; baseline -0.001 -45"><span class='ocrx_word' id='word_1_89' title='bbox 314 1152 490 1230; x_wconf 91' lang='grc' dir='ltr'>υμέας</span> <span class='ocrx_word' id='word_1_90' title='bbox 503 1155 634 1257; x_wconf 48' lang='grc' dir='ltr'>’,μὲν</span> <span class='ocrx_word' id='word_1_91' title='bbox 673 1157 727 1216; x_wconf 78' lang='grc' dir='ltr'>ἐς</span> <span class='ocrx_word' id='word_1_92' title='bbox 765 1152 895 1212; x_wconf 86' lang='grc' dir='ltr'>τόδε</span> <span class='ocrx_word' id='word_1_93' title='bbox 937 1153 1002 1212; x_wconf 83' lang='grc' dir='ltr'>τό</span> <span class='ocrx_word' id='word_1_94' title='bbox 1050 1153 1230 1228; x_wconf 87' lang='grc' dir='ltr'>κέρας,</span> <span class='ocrx_word' id='word_1_95' title='bbox 1266 1151 1442 1227; x_wconf 77' lang='grc' dir='ltr'>ἡμέας</span> <span class='ocrx_word' id='word_1_96' title='bbox 1484 1151 1543 1216; x_wconf 80' lang='grc' dir='ltr'>δὲ</span> <span class='ocrx_word' id='word_1_97' title='bbox 1585 1155 1642 1214; x_wconf 79' lang='grc' dir='ltr'>ἐς</span> <span class='ocrx_word' id='word_1_98' title='bbox 1683 1151 1751 1210; x_wconf 84' lang='grc' dir='ltr'>τό</span> <span class='ocrx_word' id='word_1_99' title='bbox 1793 1150 1920 1211; x_wconf 74' lang='grc' dir='ltr'>εὐώ-</span> 
     </span>
     <span class='ocr_line' id='line_1_14' title="bbox 313 1236 1917 1316; baseline 0 -16"><span class='ocrx_word' id='word_1_100' title='bbox 313 1237 535 1316; x_wconf 82' lang='grc' dir='ltr'>νυμον.”</span> <span class='ocrx_word' id='word_1_101' title='bbox 615 1264 756 1316; x_wconf 90' lang='grc' dir='ltr'>προς</span> <span class='ocrx_word' id='word_1_102' title='bbox 803 1239 862 1298; x_wconf 83' lang='grc' dir='ltr'>δὲ</span> <span class='ocrx_word' id='word_1_103' title='bbox 905 1243 1081 1299; x_wconf 80' lang='grc' dir='ltr'>ταῦτα</span> <span class='ocrx_word' id='word_1_104' title='bbox 1130 1239 1291 1298; x_wconf 83' lang='grc' dir='ltr'>εἶπαν</span> <span class='ocrx_word' id='word_1_105' title='bbox 1338 1241 1392 1298; x_wconf 77' lang='grc' dir='ltr'>οἱ</span> <span class='ocrx_word' id='word_1_106' title='bbox 1434 1236 1723 1314; x_wconf 83' lang='grc' dir='ltr'>Ἀθηναῖοι</span> <span class='ocrx_word' id='word_1_107' title='bbox 1767 1238 1917 1300; x_wconf 86' lang='grc' dir='ltr'>τάδε·</span> 
     </span>
     <span class='ocr_line' id='line_1_15' title="bbox 314 1324 1919 1406; baseline 0.001 -21"><span class='ocrx_word' id='word_1_108' title='bbox 314 1336 351 1364; x_wconf 86' lang='grc'><strong>“</strong></span> <span class='ocrx_word' id='word_1_109' title='bbox 366 1327 458 1386; x_wconf 82' lang='grc' dir='ltr'>καὶ</span> <span class='ocrx_word' id='word_1_110' title='bbox 485 1325 708 1386; x_wconf 75' lang='grc' dir='ltr'>αὐτοῖσι</span> <span class='ocrx_word' id='word_1_111' title='bbox 733 1326 868 1403; x_wconf 77' lang='grc' dir='ltr'>ἡμῖν</span> <span class='ocrx_word' id='word_1_112' title='bbox 899 1326 1080 1386; x_wconf 88' lang='grc' dir='ltr'>πάλαι</span> <span class='ocrx_word' id='word_1_113' title='bbox 1115 1324 1210 1385; x_wconf 71' lang='grc' dir='ltr'>ἀπ’</span> <span class='ocrx_word' id='word_1_114' title='bbox 1237 1325 1430 1406; x_wconf 70' lang='grc' dir='ltr'>ἀρχῆς,</span> <span class='ocrx_word' id='word_1_115' title='bbox 1460 1327 1585 1387; x_wconf 84' lang='grc' dir='ltr'>ε’πεί</span> <span class='ocrx_word' id='word_1_116' title='bbox 1612 1352 1677 1385; x_wconf 92' lang='grc' dir='ltr'>τε</span> <span class='ocrx_word' id='word_1_117' title='bbox 1704 1326 1919 1404; x_wconf 78' lang='grc' dir='ltr'>εἴδομεν</span> 
     </span>
     <span class='ocr_line' id='line_1_16' title="bbox 315 1413 1919 1496; baseline 0.001 -22"><span class='ocrx_word' id='word_1_118' title='bbox 315 1413 432 1474; x_wconf 85' lang='grc' dir='ltr'>κατ’</span> <span class='ocrx_word' id='word_1_119' title='bbox 497 1413 670 1491; x_wconf 74' lang='grc' dir='ltr'>ὑμέας</span> <span class='ocrx_word' id='word_1_120' title='bbox 735 1416 1121 1492; x_wconf 85' lang='grc' dir='ltr'>τασσομένους</span> <span class='ocrx_word' id='word_1_121' title='bbox 1186 1413 1316 1477; x_wconf 70' lang='grc' dir='ltr'>τοῦς</span> <span class='ocrx_word' id='word_1_122' title='bbox 1384 1414 1631 1490; x_wconf 86' lang='grc' dir='ltr'>Πέρσας,</span> <span class='ocrx_word' id='word_1_123' title='bbox 1687 1419 1746 1474; x_wconf 83' lang='grc' dir='ltr'>ἐν</span> <span class='ocrx_word' id='word_1_124' title='bbox 1812 1413 1919 1496; x_wconf 71' lang='grc' dir='ltr'>νόῳ</span> 
     </span>
     <span class='ocr_line' id='line_1_17' title="bbox 314 1500 1919 1583; baseline -0.001 -21"><span class='ocrx_word' id='word_1_125' title='bbox 314 1502 530 1583; x_wconf 79' lang='grc' dir='ltr'>ἐγένετο</span> <span class='ocrx_word' id='word_1_126' title='bbox 575 1505 748 1564; x_wconf 82' lang='grc' dir='ltr'>εἰπεῖν</span> <span class='ocrx_word' id='word_1_127' title='bbox 788 1506 966 1564; x_wconf 77' lang='grc' dir='ltr'>ταῦτα</span> <span class='ocrx_word' id='word_1_128' title='bbox 1005 1502 1185 1580; x_wconf 87' lang='grc' dir='ltr'>τάπερ</span> <span class='ocrx_word' id='word_1_129' title='bbox 1225 1500 1381 1579; x_wconf 71' lang='grc' dir='ltr'>ὑμεῖς</span> <span class='ocrx_word' id='word_1_130' title='bbox 1423 1500 1665 1576; x_wconf 79' lang='grc' dir='ltr'>φθάντες</span> <span class='ocrx_word' id='word_1_131' title='bbox 1706 1503 1919 1578; x_wconf 61' lang='grc' dir='ltr'>προφέο</span> 
     </span>
     <span class='ocr_line' id='line_1_18' title="bbox 313 1587 1919 1672; baseline 0 -22"><span class='ocrx_word' id='word_1_132' title='bbox 313 1615 456 1667; x_wconf 89' lang='grc' dir='ltr'>ρετε·</span> <span class='ocrx_word' id='word_1_133' title='bbox 524 1589 680 1651; x_wconf 79' lang='grc' dir='ltr'>άλλοὶ</span> <span class='ocrx_word' id='word_1_134' title='bbox 731 1591 844 1672; x_wconf 73' lang='grc' dir='ltr'>γάρ</span> <span class='ocrx_word' id='word_1_135' title='bbox 898 1591 1243 1668; x_wconf 75' lang='grc' dir='ltr'>ἀρρωδέομεν</span> <span class='ocrx_word' id='word_1_136' title='bbox 1294 1589 1375 1666; x_wconf 85' lang='grc' dir='ltr'><em>μή</em></span> <span class='ocrx_word' id='word_1_137' title='bbox 1428 1588 1561 1664; x_wconf 76' lang='grc' dir='ltr'>ύμῖν</span> <span class='ocrx_word' id='word_1_138' title='bbox 1612 1587 1710 1648; x_wconf 75' lang='grc' dir='ltr'>οὐκ</span> <span class='ocrx_word' id='word_1_139' title='bbox 1764 1589 1919 1665; x_wconf 77' lang='grc' dir='ltr'>ἡδέες</span> 
     </span>
     <span class='ocr_line' id='line_1_19' title="bbox 312 1674 1919 1762; baseline -0.001 -24"><span class='ocrx_word' id='word_1_140' title='bbox 312 1678 574 1760; x_wconf 85' lang='grc' dir='ltr'>γένωνται</span> <span class='ocrx_word' id='word_1_141' title='bbox 609 1683 664 1738; x_wconf 77' lang='grc' dir='ltr'>οἱ</span> <span class='ocrx_word' id='word_1_142' title='bbox 700 1679 885 1762; x_wconf 83' lang='grc' dir='ltr'>λόγοι·</span> <span class='ocrx_word' id='word_1_143' title='bbox 927 1679 1048 1738; x_wconf 79' lang='grc' dir='ltr'>ἐπεὶ</span> <span class='ocrx_word' id='word_1_144' title='bbox 1087 1677 1135 1738; x_wconf 83' lang='grc' dir='ltr'>δ’</span> <span class='ocrx_word' id='word_1_145' title='bbox 1164 1676 1237 1737; x_wconf 77' lang='grc' dir='ltr'>ὦν</span> <span class='ocrx_word' id='word_1_146' title='bbox 1270 1675 1429 1738; x_wconf 71' lang='grc' dir='ltr'>αὐτοὶ</span> <span class='ocrx_word' id='word_1_147' title='bbox 1464 1674 1797 1754; x_wconf 81' lang='grc' dir='ltr'>ἐμνήσθητε,</span> <span class='ocrx_word' id='word_1_148' title='bbox 1826 1679 1919 1737; x_wconf 86' lang='grc' dir='ltr'>καὶ</span> 
     </span>
     <span class='ocr_line' id='line_1_20' title="bbox 311 1766 1919 1849; baseline -0.001 -22"><span class='ocrx_word' id='word_1_149' title='bbox 311 1766 638 1845; x_wconf 76' lang='grc' dir='ltr'>ἡδομένοισι</span> <span class='ocrx_word' id='word_1_150' title='bbox 662 1768 798 1844; x_wconf 79' lang='grc' dir='ltr'>ἡμῖν</span> <span class='ocrx_word' id='word_1_151' title='bbox 825 1771 880 1827; x_wconf 75' lang='grc' dir='ltr'>οἱ</span> <span class='ocrx_word' id='word_1_152' title='bbox 906 1768 1072 1849; x_wconf 82' lang='grc' dir='ltr'>λόγοι</span> <span class='ocrx_word' id='word_1_153' title='bbox 1095 1766 1384 1849; x_wconf 85' lang='grc' dir='ltr'>γεγόνασι,</span> <span class='ocrx_word' id='word_1_154' title='bbox 1414 1766 1507 1825; x_wconf 85' lang='grc' dir='ltr'>καὶ</span> <span class='ocrx_word' id='word_1_155' title='bbox 1528 1766 1745 1843; x_wconf 78' lang='grc' dir='ltr'>ἔτοῖμοί</span> <span class='ocrx_word' id='word_1_156' title='bbox 1768 1770 1919 1843; x_wconf 79' lang='grc' dir='ltr'>εἶμεν</span> 
     </span>
    </p>

    <p class='ocr_par' dir='ltr' id='par_1_4' title="bbox 213 1852 1918 2633">
     <span class='ocr_line' id='line_1_21' title="bbox 213 1852 1917 1932; baseline 0.001 -20"><span class='ocrx_word' id='word_1_157' title='bbox 213 1854 290 1916; x_wconf 84' lang='grc'>47</span> <span class='ocrx_word' id='word_1_158' title='bbox 311 1856 518 1915; x_wconf 84' lang='grc' dir='ltr'>ποιέειν</span> <span class='ocrx_word' id='word_1_159' title='bbox 556 1855 782 1917; x_wconf 83' lang='grc' dir='ltr'>ταῦτα.”</span> <span class='ocrx_word' id='word_1_160' title='bbox 862 1855 960 1918; x_wconf 87' lang='grc' dir='ltr'>Ὦς</span> <span class='ocrx_word' id='word_1_161' title='bbox 991 1855 1038 1915; x_wconf 85' lang='grc' dir='ltr'>δ’</span> <span class='ocrx_word' id='word_1_162' title='bbox 1067 1855 1273 1932; x_wconf 87' lang='grc' dir='ltr'>ἤρεσκε</span> <span class='ocrx_word' id='word_1_163' title='bbox 1312 1852 1691 1931; x_wconf 75' lang='grc' dir='ltr'>ἀμφοτέροισι</span> <span class='ocrx_word' id='word_1_164' title='bbox 1721 1857 1917 1925; x_wconf 81' lang='grc' dir='ltr'>ταῦτα,</span> 
     </span>
     <span class='ocr_line' id='line_1_22' title="bbox 310 1940 1918 2022; baseline 0.002 -21"><span class='ocrx_word' id='word_1_165' title='bbox 310 1941 420 2018; x_wconf 79' lang='grc' dir='ltr'>ἠώς</span> <span class='ocrx_word' id='word_1_166' title='bbox 443 1968 507 2003; x_wconf 87' lang='grc' dir='ltr'>τε</span> <span class='ocrx_word' id='word_1_167' title='bbox 533 1944 781 2019; x_wconf 85' lang='grc' dir='ltr'>διέφαινε</span> <span class='ocrx_word' id='word_1_168' title='bbox 808 1942 900 2002; x_wconf 82' lang='grc' dir='ltr'>καὶ</span> <span class='ocrx_word' id='word_1_169' title='bbox 927 1941 1351 2001; x_wconf 81' lang='grc' dir='ltr'>διαλλάσσοντο</span> <span class='ocrx_word' id='word_1_170' title='bbox 1375 1940 1476 2003; x_wconf 79' lang='grc' dir='ltr'>τοὶς</span> <span class='ocrx_word' id='word_1_171' title='bbox 1494 1940 1666 2010; x_wconf 79' lang='grc' dir='ltr'>τάξις·</span> <span class='ocrx_word' id='word_1_172' title='bbox 1694 1940 1918 2022; x_wconf 85' lang='grc' dir='ltr'>γνόντες</span> 
     </span>
     <span class='ocr_line' id='line_1_23' title="bbox 315 2028 1917 2110; baseline -0.001 -21"><span class='ocrx_word' id='word_1_173' title='bbox 315 2030 376 2089; x_wconf 82' lang='grc' dir='ltr'>δὲ</span> <span class='ocrx_word' id='word_1_174' title='bbox 430 2034 484 2089; x_wconf 80' lang='grc' dir='ltr'>οἱ</span> <span class='ocrx_word' id='word_1_175' title='bbox 525 2030 761 2091; x_wconf 86' lang='grc' dir='ltr'>Βοιωτοὶ</span> <span class='ocrx_word' id='word_1_176' title='bbox 805 2029 872 2089; x_wconf 67' lang='lat' dir='ltr'>vd</span> <span class='ocrx_word' id='word_1_177' title='bbox 919 2028 1262 2105; x_wconf 75' lang='grc' dir='ltr'>ποιεύμενον,</span> <span class='ocrx_word' id='word_1_178' title='bbox 1318 2028 1711 2110; x_wconf 77' lang='grc' dir='ltr'>ἐξαγορεύουσι</span> <span class='ocrx_word' id='word_1_179' title='bbox 1755 2034 1917 2106; x_wconf 89' lang='grc' dir='ltr'>Μαρ-</span> 
     </span>
     <span class='ocr_line' id='line_1_24' title="bbox 311 2114 1918 2197; baseline -0.001 -20"><span class='ocrx_word' id='word_1_180' title='bbox 311 2117 490 2197; x_wconf 71' lang='grc' dir='ltr'>δονίῳ·</span> <span class='ocrx_word' id='word_1_181' title='bbox 532 2117 565 2177; x_wconf 78' lang='grc' dir='ltr'><em>ὅ</em></span> <span class='ocrx_word' id='word_1_182' title='bbox 599 2117 645 2175; x_wconf 85' lang='grc' dir='ltr'>δ’</span> <span class='ocrx_word' id='word_1_183' title='bbox 683 2116 806 2176; x_wconf 85' lang='grc' dir='ltr'>ε’πεί</span> <span class='ocrx_word' id='word_1_184' title='bbox 840 2142 904 2177; x_wconf 90' lang='grc' dir='ltr'>τε</span> <span class='ocrx_word' id='word_1_185' title='bbox 942 2114 1169 2192; x_wconf 86' lang='grc' dir='ltr'>ἤκουσε,</span> <span class='ocrx_word' id='word_1_186' title='bbox 1212 2116 1409 2177; x_wconf 73' lang='grc' dir='ltr'>αὐτίκα</span> <span class='ocrx_word' id='word_1_187' title='bbox 1450 2115 1780 2193; x_wconf 82' lang='grc' dir='ltr'>μετιστάναι</span> <span class='ocrx_word' id='word_1_188' title='bbox 1823 2118 1918 2175; x_wconf 84' lang='grc' dir='ltr'>καὶ</span> 
     </span>
     <span class='ocr_line' id='line_1_25' title="bbox 309 2202 1916 2285; baseline 0 -22"><span class='ocrx_word' id='word_1_189' title='bbox 309 2203 475 2267; x_wconf 74' lang='grc' dir='ltr'>αὐτὸς</span> <span class='ocrx_word' id='word_1_190' title='bbox 528 2208 801 2280; x_wconf 78' lang='grc' dir='ltr'>ἐπειρᾶτο,</span> <span class='ocrx_word' id='word_1_191' title='bbox 855 2202 1122 2285; x_wconf 88' lang='grc' dir='ltr'>παράγων</span> <span class='ocrx_word' id='word_1_192' title='bbox 1160 2203 1289 2268; x_wconf 69' lang='grc' dir='ltr'>τούς</span> <span class='ocrx_word' id='word_1_193' title='bbox 1329 2205 1560 2281; x_wconf 87' lang='grc' dir='ltr'>Πέρσας</span> <span class='ocrx_word' id='word_1_194' title='bbox 1608 2203 1750 2266; x_wconf 82' lang='grc' dir='ltr'>κατοὶ</span> <span class='ocrx_word' id='word_1_195' title='bbox 1788 2203 1916 2271; x_wconf 72' lang='grc' dir='ltr'>τοῦς</span> 
     </span>
     <span class='ocr_line' id='line_1_26' title="bbox 309 2290 1915 2373; baseline 0 -22"><span class='ocrx_word' id='word_1_196' title='bbox 309 2290 798 2368; x_wconf 84' lang='grc' dir='ltr'>Λακεδαιμονίους.</span> <span class='ocrx_word' id='word_1_197' title='bbox 879 2291 951 2356; x_wconf 73' lang='grc' dir='ltr'>ὥς</span> <span class='ocrx_word' id='word_1_198' title='bbox 991 2292 1049 2351; x_wconf 83' lang='grc' dir='ltr'>δὲ</span> <span class='ocrx_word' id='word_1_199' title='bbox 1089 2292 1260 2369; x_wconf 82' lang='grc' dir='ltr'>ἔμαθε</span> <span class='ocrx_word' id='word_1_200' title='bbox 1299 2295 1469 2351; x_wconf 83' lang='grc' dir='ltr'>τοῦτο</span> <span class='ocrx_word' id='word_1_201' title='bbox 1503 2294 1727 2359; x_wconf 79' lang='grc' dir='ltr'>τοιοῦτο</span> <span class='ocrx_word' id='word_1_202' title='bbox 1765 2291 1915 2373; x_wconf 86' lang='grc' dir='ltr'>γινό-</span> 
     </span>
     <span class='ocr_line' id='line_1_27' title="bbox 307 2377 1914 2461; baseline 0 -23"><span class='ocrx_word' id='word_1_203' title='bbox 307 2404 478 2457; x_wconf 86' lang='grc' dir='ltr'>μενον</span> <span class='ocrx_word' id='word_1_204' title='bbox 513 2379 546 2441; x_wconf 76' lang='grc' dir='ltr'>ὁ</span> <span class='ocrx_word' id='word_1_205' title='bbox 582 2381 926 2457; x_wconf 81' lang='grc' dir='ltr'>Παυσανίης,</span> <span class='ocrx_word' id='word_1_206' title='bbox 963 2380 1130 2461; x_wconf 76' lang='grc' dir='ltr'>γνούς</span> <span class='ocrx_word' id='word_1_207' title='bbox 1170 2380 1257 2439; x_wconf 83' lang='grc' dir='ltr'>ὅτι</span> <span class='ocrx_word' id='word_1_208' title='bbox 1302 2378 1367 2439; x_wconf 76' lang='grc' dir='ltr'>οὗ</span> <span class='ocrx_word' id='word_1_209' title='bbox 1408 2378 1687 2449; x_wconf 88' lang='grc' dir='ltr'>λανθάνει,</span> <span class='ocrx_word' id='word_1_210' title='bbox 1732 2377 1914 2439; x_wconf 79' lang='grc' dir='ltr'>ὀπίσω</span> 
     </span>
     <span class='ocr_line' id='line_1_28' title="bbox 307 2464 1915 2549; baseline -0.001 -22"><span class='ocrx_word' id='word_1_211' title='bbox 307 2464 413 2549; x_wconf 86' lang='grc' dir='ltr'>ἦγε</span> <span class='ocrx_word' id='word_1_212' title='bbox 436 2466 566 2533; x_wconf 73' lang='grc' dir='ltr'>τοῦς</span> <span class='ocrx_word' id='word_1_213' title='bbox 586 2468 939 2546; x_wconf 81' lang='grc' dir='ltr'>Σπαρτιήτας</span> <span class='ocrx_word' id='word_1_214' title='bbox 966 2468 1057 2527; x_wconf 81' lang='grc' dir='ltr'>ἐπὶ</span> <span class='ocrx_word' id='word_1_215' title='bbox 1075 2468 1143 2528; x_wconf 79' lang='grc' dir='ltr'><strong><em>τό</em></strong></span> <span class='ocrx_word' id='word_1_216' title='bbox 1170 2467 1351 2537; x_wconf 75' lang='grc' dir='ltr'>δεξιὰν</span> <span class='ocrx_word' id='word_1_217' title='bbox 1371 2466 1550 2543; x_wconf 59' lang='grc' dir='ltr'>κέραςῖ</span> <span class='ocrx_word' id='word_1_218' title='bbox 1581 2465 1653 2531; x_wconf 73' lang='grc' dir='ltr'>ὥς</span> <span class='ocrx_word' id='word_1_219' title='bbox 1674 2466 1719 2525; x_wconf 86' lang='grc' dir='ltr'>δ’</span> <span class='ocrx_word' id='word_1_220' title='bbox 1740 2466 1915 2531; x_wconf 83' lang='grc' dir='ltr'>αὕτως</span> 
     </span>
     <span class='ocr_line' id='line_1_29' title="bbox 311 2553 1366 2633; baseline 0 -18"><span class='ocrx_word' id='word_1_221' title='bbox 311 2554 403 2615; x_wconf 77' lang='grc' dir='ltr'>καὶ</span> <span class='ocrx_word' id='word_1_222' title='bbox 427 2554 462 2617; x_wconf 82' lang='lat' dir='ltr'>o‘</span> <span class='ocrx_word' id='word_1_223' title='bbox 487 2556 805 2633; x_wconf 87' lang='grc' dir='ltr'>Μαρδόνιος</span> <span class='ocrx_word' id='word_1_224' title='bbox 830 2556 921 2616; x_wconf 79' lang='grc' dir='ltr'>ἐπὶ</span> <span class='ocrx_word' id='word_1_225' title='bbox 944 2559 1046 2615; x_wconf 83' lang='grc' dir='ltr'>τοῦ</span> <span class='ocrx_word' id='word_1_226' title='bbox 1075 2553 1366 2631; x_wconf 74' lang='grc' dir='ltr'>εὐωνύμου.</span> 
     </span>
    </p>

    <p class='ocr_par' dir='ltr' id='par_1_5' title="bbox 209 2640 1913 3246">
     <span class='ocr_line' id='line_1_30' title="bbox 209 2640 1910 2721; baseline 0 -16"><span class='ocrx_word' id='word_1_227' title='bbox 209 2646 290 2705; x_wconf 87' lang='grc'>48</span> <span class='ocrx_word' id='word_1_228' title='bbox 378 2642 540 2703; x_wconf 85' lang='grc' dir='ltr'>Ἐπεὶ</span> <span class='ocrx_word' id='word_1_229' title='bbox 565 2644 626 2704; x_wconf 83' lang='grc' dir='ltr'>δὲ</span> <span class='ocrx_word' id='word_1_230' title='bbox 646 2644 1001 2719; x_wconf 81' lang='grc' dir='ltr'>κατέστησαν</span> <span class='ocrx_word' id='word_1_231' title='bbox 1028 2647 1083 2705; x_wconf 80' lang='grc' dir='ltr'>ἐς</span> <span class='ocrx_word' id='word_1_232' title='bbox 1106 2641 1209 2705; x_wconf 78' lang='grc' dir='ltr'>τοῖς</span> <span class='ocrx_word' id='word_1_233' title='bbox 1234 2641 1470 2721; x_wconf 76' lang='grc' dir='ltr'>ἀρχαίας</span> <span class='ocrx_word' id='word_1_234' title='bbox 1487 2640 1659 2713; x_wconf 81' lang='grc' dir='ltr'>τάξις,</span> <span class='ocrx_word' id='word_1_235' title='bbox 1678 2642 1910 2721; x_wconf 81' lang='grc' dir='ltr'>πέμψας</span> 
     </span>
     <span class='ocr_line' id='line_1_31' title="bbox 307 2728 1911 2810; baseline -0.001 -19"><span class='ocrx_word' id='word_1_236' title='bbox 307 2729 340 2791; x_wconf 80' lang='grc' dir='ltr'>ὅ</span> <span class='ocrx_word' id='word_1_237' title='bbox 366 2730 682 2808; x_wconf 85' lang='grc' dir='ltr'>Μαρδόνιος</span> <span class='ocrx_word' id='word_1_238' title='bbox 709 2730 920 2807; x_wconf 85' lang='grc' dir='ltr'>κήρυκα</span> <span class='ocrx_word' id='word_1_239' title='bbox 947 2735 1002 2793; x_wconf 83' lang='grc' dir='ltr'>ἐς</span> <span class='ocrx_word' id='word_1_240' title='bbox 1026 2728 1159 2793; x_wconf 75' lang='grc' dir='ltr'>τούς</span> <span class='ocrx_word' id='word_1_241' title='bbox 1195 2729 1548 2807; x_wconf 83' lang='grc' dir='ltr'>Σπαρτιήτας</span> <span class='ocrx_word' id='word_1_242' title='bbox 1574 2730 1735 2810; x_wconf 83' lang='grc' dir='ltr'>ἔλεγε</span> <span class='ocrx_word' id='word_1_243' title='bbox 1757 2730 1911 2790; x_wconf 86' lang='grc' dir='ltr'>τάδε·</span> 
     </span>
     <span class='ocr_line' id='line_1_32' title="bbox 309 2814 1913 2897; baseline 0 -20"><span class='ocrx_word' id='word_1_244' title='bbox 309 2830 344 2854; x_wconf 85' lang='grc'><strong>“</strong></span> <span class='ocrx_word' id='word_1_245' title='bbox 362 2817 405 2877; x_wconf 80' lang='grc' dir='ltr'><strong><em>ὦ</em></strong></span> <span class='ocrx_word' id='word_1_246' title='bbox 444 2818 888 2895; x_wconf 85' lang='grc' dir='ltr'>Λακεδαιμόνιοι,</span> <span class='ocrx_word' id='word_1_247' title='bbox 935 2816 1093 2895; x_wconf 76' lang='grc' dir='ltr'>ὖμεῖς</span> <span class='ocrx_word' id='word_1_248' title='bbox 1138 2814 1207 2892; x_wconf 76' lang='grc' dir='ltr'>δή</span> <span class='ocrx_word' id='word_1_249' title='bbox 1251 2817 1493 2897; x_wconf 86' lang='grc' dir='ltr'>λέγεσθε</span> <span class='ocrx_word' id='word_1_250' title='bbox 1538 2816 1678 2877; x_wconf 79' lang='grc' dir='ltr'>εἶναι</span> <span class='ocrx_word' id='word_1_251' title='bbox 1720 2816 1913 2895; x_wconf 76' lang='grc' dir='ltr'>ἄνδρες</span> 
     </span>
     <span class='ocr_line' id='line_1_33' title="bbox 305 2902 1913 2983; baseline 0.003 -20"><span class='ocrx_word' id='word_1_252' title='bbox 305 2904 530 2981; x_wconf 76' lang='grc' dir='ltr'>ἄριστοι</span> <span class='ocrx_word' id='word_1_253' title='bbox 553 2906 662 2965; x_wconf 81' lang='grc' dir='ltr'>ὖπὸ</span> <span class='ocrx_word' id='word_1_254' title='bbox 699 2909 810 2965; x_wconf 76' lang='grc' dir='ltr'>τῶν</span> <span class='ocrx_word' id='word_1_255' title='bbox 846 2904 980 2983; x_wconf 71' lang='grc' dir='ltr'>τῇδε</span> <span class='ocrx_word' id='word_1_256' title='bbox 1011 2902 1328 2980; x_wconf 71' lang='grc' dir='ltr'>ἀνθρώπων,</span> <span class='ocrx_word' id='word_1_257' title='bbox 1358 2904 1815 2983; x_wconf 81' lang='grc' dir='ltr'>ἐκπαγλεομένων</span> <span class='ocrx_word' id='word_1_258' title='bbox 1842 2904 1913 2968; x_wconf 77' lang='grc' dir='ltr'>ὥς</span> 
     </span>
     <span class='ocr_line' id='line_1_34' title="bbox 307 2988 1912 3073; baseline -0.001 -22"><span class='ocrx_word' id='word_1_259' title='bbox 307 2990 433 3053; x_wconf 72' lang='grc' dir='ltr'>οὔτε</span> <span class='ocrx_word' id='word_1_260' title='bbox 464 2992 698 3073; x_wconf 84' lang='grc' dir='ltr'>φεύγετε</span> <span class='ocrx_word' id='word_1_261' title='bbox 735 2997 796 3051; x_wconf 81' lang='grc' dir='ltr'>ἐκ</span> <span class='ocrx_word' id='word_1_262' title='bbox 831 2991 1086 3066; x_wconf 87' lang='grc' dir='ltr'>πολέμου</span> <span class='ocrx_word' id='word_1_263' title='bbox 1122 2988 1249 3049; x_wconf 75' lang='grc' dir='ltr'>οὔτε</span> <span class='ocrx_word' id='word_1_264' title='bbox 1286 2988 1443 3059; x_wconf 80' lang='grc' dir='ltr'>τάξιν</span> <span class='ocrx_word' id='word_1_265' title='bbox 1484 2990 1785 3062; x_wconf 78' lang='grc' dir='ltr'>ἐκλείπετε,</span> <span class='ocrx_word' id='word_1_266' title='bbox 1812 2992 1912 3067; x_wconf 89' lang='grc' dir='ltr'>μέ-</span> 
     </span>
     <span class='ocr_line' id='line_1_35' title="bbox 307 3075 1910 3154; baseline -0.001 -16"><span class='ocrx_word' id='word_1_267' title='bbox 307 3079 492 3142; x_wconf 88' lang='grc' dir='ltr'>νοντές</span> <span class='ocrx_word' id='word_1_268' title='bbox 515 3104 578 3139; x_wconf 91' lang='grc' dir='ltr'>τε</span> <span class='ocrx_word' id='word_1_269' title='bbox 601 3078 638 3154; x_wconf 88' lang='grc' dir='ltr'>ἢ</span> <span class='ocrx_word' id='word_1_270' title='bbox 675 3075 962 3137; x_wconf 80' lang='grc' dir='ltr'>άπόλλυτε</span> <span class='ocrx_word' id='word_1_271' title='bbox 1000 3075 1129 3139; x_wconf 76' lang='grc' dir='ltr'>τοῦς</span> <span class='ocrx_word' id='word_1_272' title='bbox 1170 3078 1445 3141; x_wconf 79' lang='grc' dir='ltr'>ἐναντίους</span> <span class='ocrx_word' id='word_1_273' title='bbox 1469 3076 1506 3153; x_wconf 85' lang='grc' dir='ltr'>ἢ</span> <span class='ocrx_word' id='word_1_274' title='bbox 1538 3076 1697 3137; x_wconf 71' lang='grc' dir='ltr'>αὐτοὶ</span> <span class='ocrx_word' id='word_1_275' title='bbox 1732 3078 1910 3139; x_wconf 84' lang='grc' dir='ltr'>άπόλ-</span> 
     </span>
     <span class='ocr_line' id='line_1_36' title="bbox 313 3161 1911 3246; baseline 0.001 -24"><span class='ocrx_word' id='word_1_276' title='bbox 313 3166 506 3225; x_wconf 79' lang='grc' dir='ltr'>λυσθε.</span> <span class='ocrx_word' id='word_1_277' title='bbox 587 3168 698 3225; x_wconf 75' lang='grc' dir='ltr'>τῶν</span> <span class='ocrx_word' id='word_1_278' title='bbox 739 3164 784 3223; x_wconf 79' lang='grc' dir='ltr'>δ’</span> <span class='ocrx_word' id='word_1_279' title='bbox 828 3162 912 3241; x_wconf 76' lang='grc' dir='ltr'>ἄρ’</span> <span class='ocrx_word' id='word_1_280' title='bbox 953 3161 1024 3239; x_wconf 85' lang='grc' dir='ltr'>ἦν</span> <span class='ocrx_word' id='word_1_281' title='bbox 1071 3162 1228 3223; x_wconf 73' lang='grc' dir='ltr'>οὐδὲν</span> <span class='ocrx_word' id='word_1_282' title='bbox 1276 3164 1499 3240; x_wconf 76' lang='grc' dir='ltr'>ἀληθές·</span> <span class='ocrx_word' id='word_1_283' title='bbox 1542 3166 1674 3242; x_wconf 85' lang='grc' dir='ltr'>πρὶν</span> <span class='ocrx_word' id='word_1_284' title='bbox 1715 3166 1827 3246; x_wconf 69' lang='grc' dir='ltr'>γὰρ</span> <span class='ocrx_word' id='word_1_285' title='bbox 1870 3165 1911 3242; x_wconf 86' lang='grc' dir='ltr'>ἢ</span> 
     </span>
    </p>

    <p class='ocr_par' dir='ltr' id='par_1_6' title="bbox 345 3249 1911 3328">
     <span class='ocr_line' id='line_1_37' title="bbox 345 3249 1911 3328; baseline 0.004 -21"><span class='ocrx_word' id='word_1_286' title='bbox 345 3249 582 3326; x_wconf 81' lang='grc' dir='ltr'>υμμίξαι</span> <span class='ocrx_word' id='word_1_287' title='bbox 616 3250 790 3326; x_wconf 82' lang='grc' dir='ltr'>ἡμέας</span> <span class='ocrx_word' id='word_1_288' title='bbox 825 3254 881 3314; x_wconf 89' lang='grc' dir='ltr'>ε’ς</span> <span class='ocrx_word' id='word_1_289' title='bbox 917 3252 1117 3328; x_wconf 76' lang='grc' dir='ltr'>χειρῶν</span> <span class='ocrx_word' id='word_1_290' title='bbox 1150 3276 1213 3309; x_wconf 90' lang='grc' dir='ltr'>τε</span> <span class='ocrx_word' id='word_1_291' title='bbox 1248 3250 1421 3327; x_wconf 85' lang='grc' dir='ltr'>νόμον</span> <span class='ocrx_word' id='word_1_292' title='bbox 1456 3250 1776 3325; x_wconf 74' lang='grc' dir='ltr'>ἀπικέσθαι,</span> <span class='ocrx_word' id='word_1_293' title='bbox 1814 3254 1911 3313; x_wconf 81' lang='grc' dir='ltr'>καὶ</span> 
     </span>
    </p>
   </div>
   <div class='ocr_carea' id='block_1_4' title="bbox 2232 0 2243 1306">
    <p class='ocr_par' dir='ltr' id='par_1_7' title="bbox 2232 0 2243 1306">
     <span class='ocr_line' id='line_1_38' title="bbox 2232 0 2243 1306; baseline 0 0"><span class='ocrx_word' id='word_1_294' title='bbox 2232 0 2243 1306; x_wconf 95' lang='lat' dir='ltr'> </span> 
     </span>
    </p>
   </div>
   <div class='ocr_carea' id='block_1_5' title="bbox 2230 0 2247 2203">
    <p class='ocr_par' dir='ltr' id='par_1_8' title="bbox 2230 0 2247 2203">
     <span class='ocr_line' id='line_1_39' title="bbox 2230 0 2247 2203; baseline 0 0"><span class='ocrx_word' id='word_1_295' title='bbox 2230 0 2247 2203; x_wconf 95' lang='lat' dir='ltr'> </span> 
     </span>
    </p>
   </div>
  </div>
 </body>
</html>
