2259 3500
298 117 389 163 152
520 106 525 112 ’
912 110 1281 161 ἯΡοΔοΤοϊ
1733 108 1888 175 [vu

287 192 487 255 πεκέας
516 192 735 271 ἔχοντες
761 190 1175 269 ἐστρατεύοντο,
1202 190 1331 267 περὶ
1358 190 1419 251 δὲ
1443 189 1510 251 τδ
1537 216 1706 267 σωμα
1732 193 1890 252 κιθῶ-

219 352 229 359 ,
290 306 405 342 νας·
462 281 552 338 ἐπὶ
597 280 671 347 δὲ,
712 277 892 355 ζειρας
934 279 1418 389 περιβεβλημένοι
1460 279 1735 349 ποικίλας,
1765 282 1894 357 περὶ

292 367 349 425 δὲ
390 393 519 430 τους
561 367 734 429 πόδας
776 392 836 425 τε
880 368 971 425 καὶ
1012 365 1113 428 τοὶς
1158 365 1369 441 κνήμας
1411 366 1614 425 πέδιλα
1655 368 1890 443 νεβρῶν·

288 454 429 532 πρὸς
460 454 600 525 δὲ,’
565 453 792 515 ακόντιά
831 480 893 514 τε
935 454 1027 512 καὶ
1066 454 1278 516 πέλτας
1305 453 1397 511 καὶ
1422 454 1722 534 ἐγχειρίδια
1761 480 1890 531 σμι-

292 543 409 620 κρά.
498 540 675 624 (οὗτοι
716 542 775 601 δὲ
816 541 1112 617 διαβάντες
1137 543 1241 617 μὲν
1269 546 1324 603 ἐς
1348 539 1454 615 τὴν
1477 540 1698 617 Ἀσίην,
1726 541 1889 618 ἐκλή-

297 632 481 707 θησαν
507 629 859 691 Βιθυνοί·τό
887 629 946 688 δὲ
970 627 1244 706 πρότερον
1285 628 1597 699 ἐκαλέοντο,
1628 628 1697 691 ὥς
1732 629 1889 689 αὕτοὶ

289 721 539 800 λέγουσι,
572 718 919 796 Στρυμόνιοι,
949 718 1216 779 οἰκέοντες
1243 717 1334 775 ἐπὶ
1362 716 1658 793 Στρυμόνι·
1701 718 1889 787 ἐξανα-

289 810 491 883 στῆναι
528 807 590 865 δέ
620 814 769 883 φασι
806 806 869 875 ἐξ
900 806 1081 880 ἠθέων
1120 803 1231 864 ὖπὸ
1259 808 1511 880 Τευκρῶν
1543 830 1603 863 τε
1646 806 1738 863 καὶ
1764 811 1886 865 Μυ-

195 896 269 955 76
290 894 448 972 σῶν.)
533 895 783 971 Θρηίκων
811 893 870 951 δὲ
896 896 1005 952 τῶν
1037 897 1097 951 ἐν
1120 896 1194 970 τῇ
1217 891 1386 970 Ἀσίῃ
1413 890 1553 970 ἦρχε
1581 892 1888 969 Βασσάκης

288 981 321 1041 ὁ
346 982 723 1059 Ἀρταβάνου.
794 978 1119 1042 ..ηᾶσπίδας
1147 980 1206 1038 δὲ
1235 979 1549 1055 ὠμοβοΐνας
1577 978 1728 1059 εἶχον
1756 1005 1887 1056 σμι-

290 1069 439 1146 κροὶς,
480 1070 571 1128 καὶ
608 1066 932 1146 προβόλους
968 1066 1065 1125 δύο
1105 1067 1502 1148 λυκοεργέας’
1475 1090 1710 1130 εκαστος
1753 1067 1885 1147 εἶχε·

287 1157 379 1215 ἐπὶ
406 1156 466 1215 δὲ
491 1160 626 1233 τῇσι
654 1158 943 1233 κεφαλῇσι
970 1154 1172 1231 κράνεα
1204 1153 1442 1234 χάλκεα·
1483 1154 1624 1230 πρὸς
1650 1154 1711 1214 δὲ
1734 1160 1888 1218 τοῖσι

286 1240 532 1320 κράνεσι,
584 1242 699 1303 ὦτά
744 1269 806 1304 τε
855 1243 947 1301 καὶ
988 1242 1150 1319 κέρεα
1195 1245 1420 1318 προσῆν
1463 1242 1606 1319 βοὸς
1649 1242 1886 1320 χάλκεα·

287 1334 507 1406 ἐπῆσαν
534 1331 594 1390 δε
622 1356 715 1389 και
740 1330 935 1406 λόφοι·
978 1356 1077 1392 τας
1117 1330 1179 1389 δὲ
1219 1329 1430 1406 κνήμας
1468 1328 1667 1406 ῥάκεσι
1709 1336 1888 1405 φοινι-

287 1419 467 1477 κέοισι
510 1419 885 1498 κατειλίχατο.
946 1418 1053 1497 (ἐν
1103 1418 1357 1477 τούτοισι
1409 1416 1645 1495 ἀνδράσι
1685 1416 1887 1494 Ἀρεός

192 1506 264 1566 77
287 1510 409 1565 ἐστι
434 1506 824 1588 χρηστήριον.)
900 1506 1204 1582 Καβηλέες
1231 1504 1307 1574 δὲ,
1330 1508 1384 1565 οἱ
1411 1505 1670 1581 Μηΐονες,
1697 1505 1886 1566 Λασό-

284 1620 391 1655 νιοι
424 1594 483 1654 δὲ
524 1594 869 1673 καλεύμενοι,
896 1594 1001 1670 τήν
1043 1593 1216 1670 αὐτὴν
1242 1593 1438 1663 Κιλιξι
1480 1592 1631 1672 εἶχον
1661 1593 1886 1670 σκευήν·

284 1681 389 1760 τὴν
415 1682 539 1766 ἐγώ,
570 1684 735 1745 ἐπεὰν
764 1683 904 1745 κατὰ
934 1682 1037 1759 τὴν
1065 1683 1317 1741 Κιλίκων
1349 1680 1506 1752 τάξιν
1545 1680 1757 1752 διεξιὼν
1795 1682 1886 1762 γέ-

286 1797 477 1848 νωμαι,
512 1773 641 1834 τότε
676 1773 956 1848 σημανέω.
1040 1769 1260 1830 Μιλύαι
1301 1770 1363 1829 δὲ
1399 1768 1606 1848 αἰχμάς
1646 1793 1709 1828 τε
1744 1771 1886 1846 βρα-

284 1859 419 1937 χέας
466 1859 632 1937 εἴχον,
687 1860 779 1918 καὶ
832 1860 1031 1934 εἵματα
1084 1858 1547 1934 ἐνεπεπορπέατο.
1632 1856 1786 1936 εἶχον
1827 1857 1887 1916 δὲ

285 1945 464 2006 αὐτῶν
502 1946 641 2015 τόξα
678 1944 1024 2024 μετεξέτεροι
1050 1943 1252 2004 Λύκια·
1294 1945 1424 2022 περὶ
1451 1945 1510 2004 δὲ
1536 1947 1674 2024 τῇσι
1713 1950 1884 2020 κεφα·

284 2037 425 2110 λῇσι
478 2037 539 2091 ἐκ
593 2033 896 2109 διφθερέων
946 2032 1322 2109 πεποιημένας
1370 2033 1580 2095 κυνέας.
1673 2032 1886 2094 τούτων

191 2120 267 2180 78
283 2119 503 2178 πάντων
526 2119 667 2198 ἦρχε
693 2118 913 2197 Βάδρης
938 2118 971 2178 ὅ
996 2118 1319 2200 Ὑστάνεος.
1402 2120 1638 2199 Μόσχοι
1671 2121 1731 2180 δὲ
1756 2123 1885 2198 περὶ

281 2209 386 2283 μὲν
422 2210 559 2284 τῇσι
602 2209 891 2286 κεφαλῇσι
934 2207 1124 2269 κυνέας
1167 2207 1390 2277 ξυλίνας
1433 2207 1599 2285 εἶχον,
1642 2207 1887 2274 ἀσπίδας

285 2293 345 2352 δὲ
372 2294 463 2352 καὶ
490 2294 696 2373 αἰχμαῖς
735 2293 996 2371 σμικράς·
1040 2294 1250 2376 λόγχαι
1275 2295 1336 2354 δὲ
1365 2299 1586 2370 ἐπῆσαν
1617 2296 1885 2378 μεγάλαι.

288 2383 597 2458 Τιβαρηνοὶ
638 2381 697 2441 δὲ
734 2383 826 2441 καὶ
859 2381 1163 2459 Μάκρωνες
1203 2383 1295 2441 καὶ
1332 2383 1681 2443 Μοσύνοικοι
1721 2383 1888 2444 κατά·

284 2493 390 2545 περ
418 2467 653 2548 Μόσχοι
680 2470 1082 2547 ἐσκευασμένοι
1114 2469 1532 2547 ἐστρατεύοντο·
1572 2470 1800 2536 τούτους
1826 2471 1888 2532 δὲ

289 2555 643 2617 συνέτασσον
678 2554 942 2636 ἄρχοντες
982 2557 1116 2617 οἵδε·
1160 2557 1436 2637 Μόσχους
1459 2560 1564 2634 μὲν
1591 2559 1684 2618 καὶ
1708 2559 1886 2636 Τιβα-

282 2643 496 2720 ρηνοῦς,
524 2642 892 2721 Ἀριόμαρδος
924 2643 955 2704 ὁ
984 2645 1226 2722 Δαρείου
1250 2670 1313 2704 τε
1339 2647 1473 2707 παῖς
1498 2645 1590 2703 καὶ
1617 2645 1886 2723 Πάρμυος

281 2734 382 2806 τῆς
418 2731 688 2809 Σμέρδιος
720 2735 820 2792 τοῦ
862 2730 1071 2808 Κύρου,
1112 2731 1428 2810 Μάκρωνας
1465 2731 1528 2792 δὲ
1569 2733 1661 2792 καὶ
1687 2738 1885 2794 Μοσυ-

281 2821 494 2883 νοίκους
518 2819 859 2897 Ἀρταΰκτης
902 2820 935 2880 ὁ
961 2819 1303 2898 Χεράσμιος,
1331 2819 1393 2883 ὃς
1421 2820 1646 2896 Σηστόν
1680 2819 1788 2897 τήν
1827 2827 1888 2882 ἐν
1963 2879 1970 2886 .

188 2907 262 2967 79
281 2905 689 2986 Ἑλλησπόντῳ
730 2906 1080 2984 ἐπετρόπευε.
1164 2909 1360 2983 Μᾶρες
1401 2907 1460 2966 δὲ
1501 2908 1594 2966 ἐπὶ
1622 2909 1726 2983 μὲν
1749 2913 1887 2986 τῇσι

283 2999 573 3074 κεφαλῇσι
616 2992 818 3072 κράνεα
859 2993 1129 3074 ἐπιχώρια
1171 2992 1390 3054 πλεκτά
1433 2993 1602 3072 εἶχον,
1641 2994 1888 3058 ἀσπίδας

282 3081 342 3140 δὲ
366 3082 692 3159 δερματίνας
718 3083 960 3160 σμικρᾶς
980 3082 1073 3141 καὶ
1098 3081 1348 3142 ἀκόντια.
1417 3079 1643 3159 Κόλχοι
1670 3081 1730 3140 δὲ
1755 3083 1886 3160 περὶ

279 3171 383 3244 μὲν
414 3173 550 3247 τῇσι
578 3175 869 3250 κεφαλῇσι
896 3169 1097 3247 κράνεα
1124 3168 1340 3240 ξύλινα,
1368 3167 1610 3231 ἀσπίδας
1642 3168 1702 3227 δὲ
1742 3169 1885 3248 ὤμο-

281 3255 478 3326 βοΐνας
520 3258 762 3334 σμικρὰς
804 3259 1010 3336 αἰχμάς
1054 3283 1118 3317 τε
1165 3256 1437 3336 βραχέας·
1479 3255 1620 3329 πρᾷς
1666 3255 1742 3328 δὲ,
1793 3255 1890 3316 καὶ
