2259 3500
317 130 412 177 214
919 126 1292 176 ἫΡοΔοΤοί·
1752 126 1909 193 [vn.

315 206 410 265 καὶ
473 204 704 283 Μάρων,
763 201 1153 282 Ὀρσιφάντου
1214 206 1419 269 παῖδες.
1506 208 1795 269 Θεσπιέων
1854 209 1917 269 δὲ

314 293 594 371 εὐδοκίμεε
632 292 888 370 μάλιστα
927 296 1007 373 τῷ
1045 291 1255 370 οὔνομα
1294 292 1365 370 ἦν
1393 294 1761 373 Διθύραμβος
1786 296 1913 375 ‘Ap-

313 382 563 457 ματίδεω.

220 472 338 529 228
435 471 720 546 Θαφθεῖσι
747 470 812 529 δέ
831 474 947 547 σφι
975 470 1151 529 αὐτοῦ
1172 469 1343 549 ταύτῃ
1368 473 1546 549 τῇπερ
1574 472 1793 541 ἔπεσον,
1822 474 1915 531 καὶ

313 562 466 617 τοῖσι
505 558 772 635 πρότερον
805 561 1185 635 τελευτήσασι
1228 557 1265 635 ἢ
1307 558 1417 619 ὖπὸ
1460 559 1739 618 Λεωνίδεω
1778 558 1913 618 αἶπο-

315 647 674 723 πεμφθέντας
715 646 989 727 οὶχεσθαι,
1037 648 1441 731 ἐπιγέγραπται
1483 644 1787 726 γράμματα
1824 647 1915 706 λέ-

314 758 490 813 γοντα
511 734 663 795 τάδε·

478 847 717 910 Μυριάσιν
749 848 872 896 ποτὲ
903 833 1343 908 τῇδετριηκοσίαις
1376 846 1615 909 ἐμάχοντο

545 922 600 967 ἐκ
631 920 1007 969 Πελοποννάσου
1038 920 1255 980 χιλιάδες
1286 920 1493 983 τέτορες.

315 1010 492 1066 ταῦτα
543 1008 647 1083 μὲν
700 1006 768 1082 δὴ
807 1010 961 1066 τοῖσι
999 1010 1147 1064 πᾶσι
1194 1007 1614 1088 ἐπιγέγραπται·
1662 1009 1816 1066 τοῖσι
1858 1006 1917 1065 δὲ

225 1092 228 1095 ’
319 1094 709 1172 Σπαρτιήτῃσι
743 1094 869 1173 ἰδίῃ·

467 1198 530 1246 Ὦ
563 1196 684 1259 ξεῖν’,
725 1200 988 1259 ἀγγέλλειν
1019 1201 1421 1259 Λακεδαιμονίοις,
1451 1200 1525 1248 ὅτι
1557 1202 1675 1263 τῇδε

544 1271 739 1329 κείμεθα
769 1272 869 1319 τοῖς
903 1273 1063 1319 κείνων
1091 1272 1274 1334 ῥήμασι
1308 1273 1604 1331 πειθόμενοι.’

315 1358 806 1436 Λακεδαιμονίοισι
831 1361 934 1436 μὲν
961 1359 1028 1435 δὴ
1053 1363 1241 1419 τοῦτο·
1283 1363 1360 1439 τῷ
1385 1360 1444 1418 δὲ
1468 1357 1649 1435 μάντι,
1676 1359 1823 1421 τόδε·

479 1464 660 1523 Μνῆμα
693 1464 804 1511 τόδε
836 1466 1037 1513 κλεινοῖο
1071 1464 1337 1525 Μεγιστία,
1374 1464 1427 1512 ὅν
1460 1480 1581 1511 ποτε
1612 1466 1773 1525 Μῆδοι

543 1538 812 1597 Σπερχειὸν
845 1537 1062 1595 ποταμὸν
1085 1537 1274 1583 κτεῖναν
1308 1536 1639 1598 ἀμειψάμενοι,

475 1608 684 1669 μάντιος,
723 1610 773 1657 ὃς
805 1608 920 1655 τότε
953 1609 1099 1669 κῆρας
1135 1608 1459 1669 ἐπερχομένας
1490 1608 1631 1669 σάφα
1665 1609 1811 1669 εἰδὼς,

543 1682 628 1729 οὐκ
660 1682 781 1740 ἔτλη
813 1680 1046 1742 Σπάρτης
1079 1680 1317 1740 ἡγεμόνας
1351 1681 1617 1742 προλιπεῖν.

317 1777 707 1859 ἐπιγράμμασι
745 1780 849 1856 μέν
888 1804 984 1838 νυν
1028 1777 1120 1836 καὶ
1166 1777 1437 1856 στήλῃσι,
1497 1777 1597 1846 ἔξω
1636 1775 1674 1853 ἢ
1713 1778 1779 1838 τὸ
1817 1783 1918 1838 τοῦ

313 1864 541 1943 μάντιος
593 1867 933 1946 ἐπίγραμμα,
990 1863 1397 1940 Ἀμφικτυόνες
1460 1865 1577 1924 εἰσί
1628 1865 1813 1941 σφέας
1865 1869 1919 1925 οἱ

316 1952 816 2028 ἐπικοσμήσαντες·
897 1951 963 2011 τό
1019 1952 1080 2010 δὲ
1131 1955 1234 2010 τοῦ
1294 1950 1523 2027 μάντιος
1582 1951 1917 2033 Μεγιστίεω,

317 2041 623 2116 Σιμωνίδης
661 2038 694 2098 ὅ
735 2037 1096 2116 Αεωπρέπεός
1138 2043 1263 2098 ἔστι
1303 2038 1445 2098 κατὰ
1486 2039 1691 2116 ξεινίην
1730 2039 1762 2100 ὁ
1804 2044 1919 2099 ε’πι-

315 2127 556 2207 γράψας-

223 2215 336 2273 229
438 2214 558 2274 Δύο
584 2214 644 2274 δὲ
680 2213 888 2274 τούτων
912 2218 1022 2273 τῶν
1051 2213 1386 2290 τριηκοσίων
1415 2214 1643 2294 λέγεται
1667 2212 1919 2292 Εὔρυτόν

315 2327 378 2362 τε
419 2301 510 2360 καὶ
561 2301 988 2379 Ἀριστόδημον,
1029 2301 1239 2380 παρεόν
1280 2300 1503 2362 αὐτοῖσι
1542 2299 1921 2379 ἀμφοτέροισι

317 2393 479 2467 κοινῷ
517 2389 672 2469 λόγῳ
709 2390 1141 2467 χρησαμένοισι,
1194 2387 1233 2465 ἢ
1272 2387 1639 2465 ἀποσωθῆναι
1678 2388 1821 2466 ὄμοῧ
1863 2395 1920 2456 ἐς

317 2475 598 2552 Σπάρτην,
643 2476 714 2540 ὥς
753 2477 1112 2555 μεμετιμένοι
1148 2503 1212 2537 τε
1250 2476 1401 2553 ἦσαν
1442 2482 1503 2536 ἐκ
1541 2481 1643 2537 τοῦ
1683 2504 1921 2556 στρατο-

313 2564 484 2624 πέδου
523 2563 635 2624 ὕπο
675 2565 972 2634 Λεωνίδεω,
1015 2565 1110 2623 καὶ
1151 2565 1448 2626 κατεκέατο
1490 2569 1549 2623 ἐν
1581 2563 1921 2640 Ἀλπηνοῖσι

315 2651 740 2730 οφθαλμιῶντες
777 2657 832 2714 ἐς
866 2678 933 2711 το
967 2655 1231 2732 ἔσχατον·
1272 2649 1325 2727 ἦ,
1356 2651 1471 2731 εἴγε
1502 2651 1583 2728 μὴ
1612 2651 1921 2727 ἐβούλοντο

313 2764 611 2815 νοστησαι,
665 2739 992 2803 αποθανέειν
1032 2764 1151 2817 αμα
1194 2741 1352 2799 τοῖσι
1404 2737 1661 2798 ἄλλοισι·
1712 2739 1923 2817 παρεόν

313 2833 428 2902 σφι
466 2827 687 2888 τούτων·
713 2826 787 2887 τοὶ
835 2826 994 2903 ἔτερα
1039 2827 1265 2897 ποιέειν,
1320 2824 1421 2886 οὖκ
1462 2826 1742 2901 ἐθελῆσαι
1786 2851 1921 2903 ομο-

315 2915 590 2990 φρονέειν·
645 2913 801 2974 ἀλλὰ
838 2913 1032 2995 γνώμῃ
1073 2913 1488 2992 διενειχθέντας,
1529 2912 1779 2990 Εὔρυτον
1814 2917 1921 2991 μὲν

314 3001 630 3078 πυθόμενον
653 3005 764 3063 τῶν
791 3001 1060 3078 Περσέων
1081 3000 1189 3076 τήν
1214 3000 1491 3077 περίοδον,
1524 2999 1835 3074 αἰτήσαντά
1857 3023 1921 3061 τε

313 3087 388 3148 τοὶ
439 3088 591 3149 ὅπλα
643 3091 738 3149 καὶ
791 3088 1031 3164 ἐνδύντα,
1077 3088 1234 3170 ἄγειν
1286 3085 1457 3147 αὐτόν
1504 3089 1769 3146 κελεῦσαι
1820 3088 1921 3150 τόν

315 3175 517 3236 εἵλωτα
557 3181 614 3241 ἐς
651 3175 783 3242 τούς
820 3176 1189 3256 μαχομένους·
1238 3173 1376 3238 ὅκως
1416 3173 1476 3233 δὲ
1514 3171 1683 3232 αὖτόν
1720 3173 1918 3255 ἤγαγε,

312 3258 416 3320 τᾶν
442 3264 548 3338 μὲν
580 3262 868 3346 ἀγαγόντα
897 3263 1158 3343 οἴχεσθαι
1194 3261 1493 3342 φεύγοντα,
1526 3257 1631 3318 τὰν
1660 3259 1722 3318 δὲ
1753 3263 1919 3319 ε’σπε-
