<?xml version="1.0" encoding="UTF-8"?>
<!DOCTYPE html PUBLIC "-//W3C//DTD XHTML 1.0 Transitional//EN"
    "http://www.w3.org/TR/xhtml1/DTD/xhtml1-transitional.dtd">
<html xmlns="http://www.w3.org/1999/xhtml" xml:lang="en" lang="en">
 <head>
  <title>
</title>
<meta http-equiv="Content-Type" content="text/html;charset=utf-8" />
  <meta name='ocr-system' content='tesseract 3.04.00' />
  <meta name='ocr-capabilities' content='ocr_page ocr_carea ocr_par ocr_line ocrx_word'/>
</head>
<body>
  <div class='ocr_page' id='page_1' title='image "./herodotus18herogoog_0076.png"; bbox 0 0 2259 3500; ppageno 0'>
   <div class='ocr_carea' id='block_1_1' title="bbox 288 73 1887 184">
    <p class='ocr_par' dir='ltr' id='par_1_1' title="bbox 288 73 1887 184">
     <span class='ocr_line' id='line_1_1' title="bbox 288 73 1887 184; baseline 0.001 -14"><span class='ocrx_word' id='word_1_1' title='bbox 288 123 358 170; x_wconf 69' lang='lat' dir='ltr'>es</span> <span class='ocrx_word' id='word_1_2' title='bbox 897 117 1265 168; x_wconf 68' lang='grc' dir='ltr'>ἯΡοΔοωοτ·</span> <span class='ocrx_word' id='word_1_3' title='bbox 1732 73 1887 184; x_wconf 65' lang='lat' dir='ltr'>&#39;svn</span> 
     </span>
    </p>
   </div>
   <div class='ocr_carea' id='block_1_2' title="bbox 284 196 1893 394">
    <p class='ocr_par' dir='ltr' id='par_1_2' title="bbox 284 196 1893 364">
     <span class='ocr_line' id='line_1_2' title="bbox 284 196 1893 288; baseline 0.001 -29"><span class='ocrx_word' id='word_1_4' title='bbox 284 199 729 288; x_wconf 72' lang='grc' dir='ltr'>κεκακωμένων·</span> <span class='ocrx_word' id='word_1_5' title='bbox 703 225 764 258; x_wconf 89' lang='grc' dir='ltr'>εκ</span> <span class='ocrx_word' id='word_1_6' title='bbox 788 201 891 274; x_wconf 81' lang='grc' dir='ltr'>τῆς</span> <span class='ocrx_word' id='word_1_7' title='bbox 916 196 1282 275; x_wconf 68' lang='grc' dir='ltr'>ναυμαχίηςε</span> <span class='ocrx_word' id='word_1_8' title='bbox 1250 224 1281 256; x_wconf 93' lang='grc' dir='ltr'>ο</span> <span class='ocrx_word' id='word_1_9' title='bbox 1306 197 1569 261; x_wconf 80' lang='grc' dir='ltr'>Ἱστιαῖος</span> <span class='ocrx_word' id='word_1_10' title='bbox 1594 199 1735 277; x_wconf 78' lang='grc' dir='ltr'>ἔχων</span> <span class='ocrx_word' id='word_1_11' title='bbox 1760 203 1893 266; x_wconf 74' lang='grc' dir='ltr'>τούς</span> 
     </span>
     <span class='ocr_line' id='line_1_3' title="bbox 285 285 1890 394; baseline 0.002 -50"><span class='ocrx_word' id='word_1_12' title='bbox 285 285 624 362; x_wconf 87' lang='grc' dir='ltr'>Λεσβίους’</span> <span class='ocrx_word' id='word_1_13' title='bbox 600 285 962 383; x_wconf 59' lang='grc' dir='ltr'>επεκράτησε,</span> <span class='ocrx_word' id='word_1_14' title='bbox 993 289 1053 344; x_wconf 82' lang='grc' dir='ltr'>ἐκ</span> <span class='ocrx_word' id='word_1_15' title='bbox 1074 285 1366 394; x_wconf 81' lang='grc' dir='ltr'>Πολίχνης</span> <span class='ocrx_word' id='word_1_16' title='bbox 1382 289 1484 361; x_wconf 85' lang='grc' dir='ltr'>τῆς</span> <span class='ocrx_word' id='word_1_17' title='bbox 1504 285 1714 346; x_wconf 71' lang='grc' dir='ltr'>Χίων“</span> <span class='ocrx_word' id='word_1_18' title='bbox 1680 313 1890 364; x_wconf 86' lang='grc' dir='ltr'>ορμεω-</span> 
     </span>
    </p>
   </div>
   <div class='ocr_carea' id='block_1_3' title="bbox 121 360 1889 456">
    <p class='ocr_par' dir='ltr' id='par_1_3' title="bbox 121 360 1889 456">
     <span class='ocr_line' id='line_1_4' title="bbox 121 360 1889 456; baseline 0.003 -25"><span class='ocrx_word' id='word_1_19' title='bbox 121 413 158 431; x_wconf 37' lang='grc' dir='ltr'>κ.</span> <span class='ocrx_word' id='word_1_20' title='bbox 191 376 264 435; x_wconf 86' lang='grc'>27</span> <span class='ocrx_word' id='word_1_21' title='bbox 284 399 470 452; x_wconf 88' lang='grc' dir='ltr'>μενος</span> <span class='ocrx_word' id='word_1_22' title='bbox 531 373 766 454; x_wconf 47' lang='grc' dir='ltr'>χΦιλέει</span> <span class='ocrx_word' id='word_1_23' title='bbox 786 373 849 431; x_wconf 85' lang='grc' dir='ltr'>δέ</span> <span class='ocrx_word' id='word_1_24' title='bbox 881 360 993 436; x_wconf 62' lang='grc' dir='ltr'>κ’ως</span> <span class='ocrx_word' id='word_1_25' title='bbox 1022 373 1427 450; x_wconf 84' lang='grc' dir='ltr'>προσημαίνειν</span> <span class='ocrx_word' id='word_1_26' title='bbox 1460 372 1567 433; x_wconf 85' lang='grc' dir='ltr'>ευτ’</span> <span class='ocrx_word' id='word_1_27' title='bbox 1594 371 1662 434; x_wconf 79' lang='grc' dir='ltr'>ἂν</span> <span class='ocrx_word' id='word_1_28' title='bbox 1696 377 1889 456; x_wconf 81' lang='grc' dir='ltr'>μέλλῃ</span> 
     </span>
    </p>
   </div>
   <div class='ocr_carea' id='block_1_4' title="bbox 184 459 1969 3350">
    <p class='ocr_par' dir='ltr' id='par_1_4' title="bbox 184 459 1969 3350">
     <span class='ocr_line' id='line_1_5' title="bbox 283 459 1889 542; baseline 0.002 -22"><span class='ocrx_word' id='word_1_29' title='bbox 283 461 508 542; x_wconf 75' lang='grc' dir='ltr'>μεγάλα</span> <span class='ocrx_word' id='word_1_30' title='bbox 535 485 677 520; x_wconf 86' lang='grc' dir='ltr'>κακα</span> <span class='ocrx_word' id='word_1_31' title='bbox 697 459 734 538; x_wconf 81' lang='grc' dir='ltr'><strong><em>ἢ</em></strong></span> <span class='ocrx_word' id='word_1_32' title='bbox 759 459 958 520; x_wconf 86' lang='grc' dir='ltr'>πόλι</span> <span class='ocrx_word' id='word_1_33' title='bbox 923 487 960 536; x_wconf 92' lang='grc' dir='ltr'>η</span> <span class='ocrx_word' id='word_1_34' title='bbox 987 461 1131 520; x_wconf 80' lang='grc' dir='ltr'>ἔθνεϊ</span> <span class='ocrx_word' id='word_1_35' title='bbox 1160 460 1411 520; x_wconf 83' lang='grc' dir='ltr'>ἔσεσθαι·</span> <span class='ocrx_word' id='word_1_36' title='bbox 1440 461 1532 520; x_wconf 85' lang='grc' dir='ltr'>καὶ</span> <span class='ocrx_word' id='word_1_37' title='bbox 1556 460 1669 542; x_wconf 73' lang='grc' dir='ltr'>γὰρ</span> <span class='ocrx_word' id='word_1_38' title='bbox 1689 465 1889 528; x_wconf 81' lang='grc' dir='ltr'>Χίοισι</span> 
     </span>
     <span class='ocr_line' id='line_1_6' title="bbox 283 547 1889 630; baseline 0.002 -22"><span class='ocrx_word' id='word_1_39' title='bbox 283 547 394 626; x_wconf 82' lang='grc' dir='ltr'>πρό</span> <span class='ocrx_word' id='word_1_40' title='bbox 420 548 628 609; x_wconf 77' lang='grc' dir='ltr'>τούτων</span> <span class='ocrx_word' id='word_1_41' title='bbox 654 547 872 625; x_wconf 85' lang='grc' dir='ltr'>σημήῖα</span> <span class='ocrx_word' id='word_1_42' title='bbox 898 547 1125 630; x_wconf 75' lang='grc' dir='ltr'>μεγάλα</span> <span class='ocrx_word' id='word_1_43' title='bbox 1162 548 1399 628; x_wconf 78' lang='grc' dir='ltr'>ἐγένετο·</span> <span class='ocrx_word' id='word_1_44' title='bbox 1438 551 1605 608; x_wconf 77' lang='grc' dir='ltr'>τοῦτο</span> <span class='ocrx_word' id='word_1_45' title='bbox 1637 551 1742 626; x_wconf 88' lang='grc' dir='ltr'>μέν</span> <span class='ocrx_word' id='word_1_46' title='bbox 1772 559 1889 628; x_wconf 86' lang='grc' dir='ltr'>σφι</span> 
     </span>
     <span class='ocr_line' id='line_1_7' title="bbox 283 634 1887 744; baseline 0.002 -49"><span class='ocrx_word' id='word_1_47' title='bbox 283 636 547 714; x_wconf 85' lang='grc' dir='ltr'>πέμψασι</span> <span class='ocrx_word' id='word_1_48' title='bbox 593 641 650 699; x_wconf 77' lang='grc' dir='ltr'>ἐς</span> <span class='ocrx_word' id='word_1_49' title='bbox 695 634 960 713; x_wconf 85' lang='grc' dir='ltr'>Δελφους</span> <span class='ocrx_word' id='word_1_50' title='bbox 1011 634 1187 714; x_wconf 75' lang='grc' dir='ltr'>χορὸν</span> <span class='ocrx_word' id='word_1_51' title='bbox 1239 636 1493 744; x_wconf 80' lang='grc' dir='ltr'>νεηνιέων</span> <span class='ocrx_word' id='word_1_52' title='bbox 1544 637 1739 697; x_wconf 73' lang='grc' dir='ltr'>ἑκατὸν</span> <span class='ocrx_word' id='word_1_53' title='bbox 1786 639 1887 700; x_wconf 84' lang='grc' dir='ltr'>δύο</span> 
     </span>
     <span class='ocr_line' id='line_1_8' title="bbox 283 723 1887 800; baseline 0.001 -16"><span class='ocrx_word' id='word_1_54' title='bbox 283 728 480 800; x_wconf 80' lang='grc' dir='ltr'>μοῦνοι</span> <span class='ocrx_word' id='word_1_55' title='bbox 520 723 730 798; x_wconf 70' lang='grc' dir='ltr'>τούτων</span> <span class='ocrx_word' id='word_1_56' title='bbox 771 723 1189 799; x_wconf 75' lang='grc' dir='ltr'>ἀπενόστησαν·</span> <span class='ocrx_word' id='word_1_57' title='bbox 1230 749 1360 786; x_wconf 87' lang='grc' dir='ltr'>τους</span> <span class='ocrx_word' id='word_1_58' title='bbox 1400 724 1461 783; x_wconf 85' lang='grc' dir='ltr'>δὲ</span> <span class='ocrx_word' id='word_1_59' title='bbox 1502 723 1647 784; x_wconf 77' lang='grc' dir='ltr'>ὀκτώ</span> <span class='ocrx_word' id='word_1_60' title='bbox 1680 751 1750 784; x_wconf 85' lang='grc' dir='ltr'>τε</span> <span class='ocrx_word' id='word_1_61' title='bbox 1792 730 1887 786; x_wconf 75' lang='grc' dir='ltr'>καὶ</span> 
     </span>
     <span class='ocr_line' id='line_1_9' title="bbox 283 809 1885 888; baseline 0.001 -16"><span class='ocrx_word' id='word_1_62' title='bbox 283 811 643 888; x_wconf 78' lang='grc' dir='ltr'>ἐννενήκοντα</span> <span class='ocrx_word' id='word_1_63' title='bbox 669 811 848 873; x_wconf 72' lang='grc' dir='ltr'>αὐτῶν</span> <span class='ocrx_word' id='word_1_64' title='bbox 873 811 1076 888; x_wconf 81' lang='grc' dir='ltr'>λοιμός</span> <span class='ocrx_word' id='word_1_65' title='bbox 1100 809 1477 886; x_wconf 83' lang='grc' dir='ltr'>υπολαβων’</span> <span class='ocrx_word' id='word_1_66' title='bbox 1441 811 1721 886; x_wconf 88' lang='grc' dir='ltr'>απήνεικε·</span> <span class='ocrx_word' id='word_1_67' title='bbox 1758 818 1885 874; x_wconf 81' lang='grc' dir='ltr'>τοῦ·</span> 
     </span>
     <span class='ocr_line' id='line_1_10' title="bbox 282 897 1887 982; baseline 0.002 -23"><span class='ocrx_word' id='word_1_68' title='bbox 282 924 350 959; x_wconf 88' lang='grc' dir='ltr'>το</span> <span class='ocrx_word' id='word_1_69' title='bbox 381 901 440 959; x_wconf 84' lang='grc' dir='ltr'>δὲ</span> <span class='ocrx_word' id='word_1_70' title='bbox 477 907 534 962; x_wconf 82' lang='grc' dir='ltr'>ἐν</span> <span class='ocrx_word' id='word_1_71' title='bbox 571 903 644 980; x_wconf 83' lang='grc' dir='ltr'>τῇ</span> <span class='ocrx_word' id='word_1_72' title='bbox 678 900 818 961; x_wconf 89' lang='grc' dir='ltr'>πόλι</span> <span class='ocrx_word' id='word_1_73' title='bbox 853 899 954 960; x_wconf 83' lang='grc' dir='ltr'>τόν</span> <span class='ocrx_word' id='word_1_74' title='bbox 991 897 1160 959; x_wconf 77' lang='grc' dir='ltr'>αὕτόν</span> <span class='ocrx_word' id='word_1_75' title='bbox 1200 901 1399 958; x_wconf 75' lang='grc' dir='ltr'>τοῦτον</span> <span class='ocrx_word' id='word_1_76' title='bbox 1439 898 1659 977; x_wconf 87' lang='grc' dir='ltr'>χρόνον,</span> <span class='ocrx_word' id='word_1_77' title='bbox 1687 899 1887 982; x_wconf 80' lang='grc' dir='ltr'>ὀλίγον</span> 
     </span>
     <span class='ocr_line' id='line_1_11' title="bbox 281 985 1885 1068; baseline 0.002 -22"><span class='ocrx_word' id='word_1_78' title='bbox 281 987 392 1066; x_wconf 80' lang='grc' dir='ltr'>πρό</span> <span class='ocrx_word' id='word_1_79' title='bbox 419 994 520 1066; x_wconf 83' lang='grc' dir='ltr'>τῆς</span> <span class='ocrx_word' id='word_1_80' title='bbox 547 989 871 1067; x_wconf 80' lang='grc' dir='ltr'>ναυμαχίης,</span> <span class='ocrx_word' id='word_1_81' title='bbox 901 987 1068 1047; x_wconf 85' lang='grc' dir='ltr'>παισὶ</span> <span class='ocrx_word' id='word_1_82' title='bbox 1092 985 1399 1068; x_wconf 81' lang='grc' dir='ltr'>γράμματα</span> <span class='ocrx_word' id='word_1_83' title='bbox 1429 986 1885 1064; x_wconf 80' lang='grc' dir='ltr'>διδασκομένοισι</span> 
     </span>
     <span class='ocr_line' id='line_1_12' title="bbox 283 1073 1883 1156; baseline 0.001 -21"><span class='ocrx_word' id='word_1_84' title='bbox 283 1076 512 1136; x_wconf 82' lang='grc' dir='ltr'>ἐνέπεσε</span> <span class='ocrx_word' id='word_1_85' title='bbox 538 1077 575 1152; x_wconf 83' lang='grc' dir='ltr'><strong><em>ἡ</em></strong></span> <span class='ocrx_word' id='word_1_86' title='bbox 603 1076 798 1156; x_wconf 76' lang='grc' dir='ltr'>στέγη,</span> <span class='ocrx_word' id='word_1_87' title='bbox 825 1073 972 1135; x_wconf 80' lang='grc' dir='ltr'>ὥστε</span> <span class='ocrx_word' id='word_1_88' title='bbox 999 1073 1093 1133; x_wconf 79' lang='grc' dir='ltr'>ἀπ’</span> <span class='ocrx_word' id='word_1_89' title='bbox 1121 1073 1317 1134; x_wconf 73' lang='grc' dir='ltr'>ἑκατὸν</span> <span class='ocrx_word' id='word_1_90' title='bbox 1344 1073 1436 1133; x_wconf 84' lang='grc' dir='ltr'>καὶ</span> <span class='ocrx_word' id='word_1_91' title='bbox 1463 1074 1645 1134; x_wconf 81' lang='grc' dir='ltr'>εἴκοσι</span> <span class='ocrx_word' id='word_1_92' title='bbox 1672 1076 1883 1138; x_wconf 79' lang='grc' dir='ltr'>παίδων</span> 
     </span>
     <span class='ocr_line' id='line_1_13' title="bbox 284 1161 1885 1243; baseline 0.001 -21"><span class='ocrx_word' id='word_1_93' title='bbox 284 1163 362 1227; x_wconf 80' lang='grc' dir='ltr'>εἷς</span> <span class='ocrx_word' id='word_1_94' title='bbox 385 1168 589 1240; x_wconf 79' lang='grc' dir='ltr'>μοῦνος</span> <span class='ocrx_word' id='word_1_95' title='bbox 625 1162 900 1243; x_wconf 73' lang='grc' dir='ltr'>ἀπέφυγε.</span> <span class='ocrx_word' id='word_1_96' title='bbox 979 1165 1157 1223; x_wconf 80' lang='grc' dir='ltr'>ταῦτα</span> <span class='ocrx_word' id='word_1_97' title='bbox 1182 1161 1287 1239; x_wconf 79' lang='grc' dir='ltr'>μέν</span> <span class='ocrx_word' id='word_1_98' title='bbox 1312 1168 1425 1238; x_wconf 88' lang='grc' dir='ltr'>σφι</span> <span class='ocrx_word' id='word_1_99' title='bbox 1451 1161 1670 1238; x_wconf 81' lang='grc' dir='ltr'>σημήῖα</span> <span class='ocrx_word' id='word_1_100' title='bbox 1698 1163 1730 1223; x_wconf 80' lang='grc' dir='ltr'>ὁ</span> <span class='ocrx_word' id='word_1_101' title='bbox 1756 1164 1885 1228; x_wconf 66' lang='grc' dir='ltr'>θεὸς</span> 
     </span>
     <span class='ocr_line' id='line_1_14' title="bbox 279 1248 1885 1329; baseline 0.001 -19"><span class='ocrx_word' id='word_1_102' title='bbox 279 1252 564 1329; x_wconf 77' lang='grc' dir='ltr'>προέδεξε·</span> <span class='ocrx_word' id='word_1_103' title='bbox 601 1248 744 1328; x_wconf 81' lang='grc' dir='ltr'>μετοὶ</span> <span class='ocrx_word' id='word_1_104' title='bbox 782 1251 841 1310; x_wconf 78' lang='grc' dir='ltr'>δὲ</span> <span class='ocrx_word' id='word_1_105' title='bbox 873 1254 1065 1324; x_wconf 76' lang='grc' dir='ltr'>ταῦτα,</span> <span class='ocrx_word' id='word_1_106' title='bbox 1095 1249 1136 1326; x_wconf 77' lang='grc' dir='ltr'><em>ἦ</em></span> <span class='ocrx_word' id='word_1_107' title='bbox 1176 1250 1458 1329; x_wconf 83' lang='grc' dir='ltr'>ναυμαχίη</span> <span class='ocrx_word' id='word_1_108' title='bbox 1498 1249 1885 1326; x_wconf 71' lang='grc' dir='ltr'>ὑπολαβοῦσα</span> 
     </span>
     <span class='ocr_line' id='line_1_15' title="bbox 281 1336 1883 1421; baseline 0.001 -23"><span class='ocrx_word' id='word_1_109' title='bbox 281 1345 338 1404; x_wconf 80' lang='grc' dir='ltr'>ἐς</span> <span class='ocrx_word' id='word_1_110' title='bbox 369 1338 508 1421; x_wconf 83' lang='grc' dir='ltr'>γόνυ</span> <span class='ocrx_word' id='word_1_111' title='bbox 530 1339 635 1416; x_wconf 75' lang='grc' dir='ltr'>τὴν</span> <span class='ocrx_word' id='word_1_112' title='bbox 659 1338 831 1398; x_wconf 84' lang='grc' dir='ltr'>πόλιν</span> <span class='ocrx_word' id='word_1_113' title='bbox 859 1339 1054 1416; x_wconf 81' lang='grc' dir='ltr'>ἔβαλε·</span> <span class='ocrx_word' id='word_1_114' title='bbox 1097 1336 1191 1397; x_wconf 80' lang='grc' dir='ltr'>ε’πὶ</span> <span class='ocrx_word' id='word_1_115' title='bbox 1228 1338 1287 1397; x_wconf 85' lang='grc' dir='ltr'>δὲ</span> <span class='ocrx_word' id='word_1_116' title='bbox 1326 1341 1399 1416; x_wconf 72' lang='grc' dir='ltr'>τῇ</span> <span class='ocrx_word' id='word_1_117' title='bbox 1440 1339 1719 1416; x_wconf 83' lang='grc' dir='ltr'>ναυμαχίῃ</span> <span class='ocrx_word' id='word_1_118' title='bbox 1758 1343 1883 1399; x_wconf 79' lang='grc' dir='ltr'>ἐπε-</span> 
     </span>
     <span class='ocr_line' id='line_1_16' title="bbox 279 1425 1969 1509; baseline 0 -22"><span class='ocrx_word' id='word_1_119' title='bbox 279 1428 471 1509; x_wconf 78' lang='grc' dir='ltr'>γένετο</span> <span class='ocrx_word' id='word_1_120' title='bbox 513 1427 778 1490; x_wconf 82' lang='grc' dir='ltr'>Ἱστιαῖος</span> <span class='ocrx_word' id='word_1_121' title='bbox 819 1426 1106 1503; x_wconf 84' lang='grc' dir='ltr'>Λεσβίους</span> <span class='ocrx_word' id='word_1_122' title='bbox 1158 1425 1327 1508; x_wconf 76' lang='grc' dir='ltr'>ἄγων·</span> <span class='ocrx_word' id='word_1_123' title='bbox 1382 1427 1768 1502; x_wconf 66' lang='grc' dir='ltr'>κεκακωμένων</span> <span class='ocrx_word' id='word_1_124' title='bbox 1820 1428 1885 1487; x_wconf 85' lang='grc' dir='ltr'>δὲ</span> <span class='ocrx_word' id='word_1_125' title='bbox 1956 1447 1969 1460; x_wconf 86' lang='grc'><em>·</em></span> 
     </span>
     <span class='ocr_line' id='line_1_17' title="bbox 280 1512 1879 1592; baseline 0.001 -17"><span class='ocrx_word' id='word_1_126' title='bbox 280 1519 391 1576; x_wconf 78' lang='grc' dir='ltr'>τῶν</span> <span class='ocrx_word' id='word_1_127' title='bbox 417 1517 583 1587; x_wconf 85' lang='grc' dir='ltr'>Χίων,</span> <span class='ocrx_word' id='word_1_128' title='bbox 613 1515 1014 1592; x_wconf 77' lang='grc' dir='ltr'>καταστροφήν</span> <span class='ocrx_word' id='word_1_129' title='bbox 1054 1513 1320 1578; x_wconf 75' lang='grc' dir='ltr'>εὐπετέως</span> <span class='ocrx_word' id='word_1_130' title='bbox 1346 1513 1525 1573; x_wconf 73' lang='grc' dir='ltr'>αὐτῶν</span> <span class='ocrx_word' id='word_1_131' title='bbox 1552 1512 1879 1590; x_wconf 82' lang='grc' dir='ltr'>ἐποιήσατο.</span> 
     </span>
     <span class='ocr_line' id='line_1_18' title="bbox 186 1600 1887 1702; baseline 0 -40"><span class='ocrx_word' id='word_1_132' title='bbox 186 1605 264 1702; x_wconf 87' lang='grc'>28</span> <span class='ocrx_word' id='word_1_133' title='bbox 360 1603 647 1664; x_wconf 85' lang='grc' dir='ltr'>Ἐνθεῦτεν</span> <span class='ocrx_word' id='word_1_134' title='bbox 681 1602 812 1662; x_wconf 81' lang='grc' dir='ltr'>δὲ</span> <span class='ocrx_word' id='word_1_135' title='bbox 781 1631 812 1663; x_wconf 95' lang='grc' dir='ltr'>ο</span> <span class='ocrx_word' id='word_1_136' title='bbox 837 1603 1102 1667; x_wconf 80' lang='grc' dir='ltr'>Ἱστιαῖος</span> <span class='ocrx_word' id='word_1_137' title='bbox 1141 1600 1501 1678; x_wconf 82' lang='grc' dir='ltr'>ἐστρατεύετο</span> <span class='ocrx_word' id='word_1_138' title='bbox 1544 1601 1635 1660; x_wconf 80' lang='grc' dir='ltr'>ἐπὶ</span> <span class='ocrx_word' id='word_1_139' title='bbox 1666 1602 1887 1678; x_wconf 80' lang='grc' dir='ltr'>Θάσον,-</span> 
     </span>
     <span class='ocr_line' id='line_1_19' title="bbox 266 1688 1891 1775; baseline -0.001 -22.991"><span class='ocrx_word' id='word_1_140' title='bbox 266 1690 430 1775; x_wconf 81' lang='grc' dir='ltr'>ἅγων</span> <span class='ocrx_word' id='word_1_141' title='bbox 459 1691 654 1754; x_wconf 87' lang='grc' dir='ltr'>Ἰωνων</span> <span class='ocrx_word' id='word_1_142' title='bbox 697 1691 788 1752; x_wconf 86' lang='grc' dir='ltr'>καὶ</span> <span class='ocrx_word' id='word_1_143' title='bbox 831 1692 1079 1753; x_wconf 83' lang='grc' dir='ltr'>Αἰολέων</span> <span class='ocrx_word' id='word_1_144' title='bbox 1122 1688 1383 1770; x_wconf 82' lang='grc' dir='ltr'>συχνούς.</span> <span class='ocrx_word' id='word_1_145' title='bbox 1465 1692 1891 1772; x_wconf 66' lang='grc' dir='ltr'>περικατημένῳ-</span> 
     </span>
     <span class='ocr_line' id='line_1_20' title="bbox 279 1777 1893 1861; baseline -0.001 -20"><span class='ocrx_word' id='word_1_146' title='bbox 279 1781 343 1841; x_wconf 87' lang='grc' dir='ltr'>δέ</span> <span class='ocrx_word' id='word_1_147' title='bbox 380 1786 432 1842; x_wconf 77' lang='grc' dir='ltr'>οἱ</span> <span class='ocrx_word' id='word_1_148' title='bbox 458 1781 652 1843; x_wconf 77' lang='grc' dir='ltr'>Θάσον</span> <span class='ocrx_word' id='word_1_149' title='bbox 688 1781 830 1857; x_wconf 83' lang='grc' dir='ltr'>ἦλθε</span> <span class='ocrx_word' id='word_1_150' title='bbox 872 1780 1128 1861; x_wconf 76' lang='grc' dir='ltr'>ἀγγελίη,</span> <span class='ocrx_word' id='word_1_151' title='bbox 1160 1779 1231 1843; x_wconf 79' lang='grc' dir='ltr'>ὥς</span> <span class='ocrx_word' id='word_1_152' title='bbox 1257 1782 1312 1838; x_wconf 82' lang='grc' dir='ltr'>οἱ</span> <span class='ocrx_word' id='word_1_153' title='bbox 1336 1778 1583 1839; x_wconf 85' lang='grc' dir='ltr'>Φοίνικες</span> <span class='ocrx_word' id='word_1_154' title='bbox 1621 1777 1893 1839; x_wconf 46' lang='lat' dir='ltr'>&amp;marma-</span> 
     </span>
     <span class='ocr_line' id='line_1_21' title="bbox 279 1863 1878 1945; baseline -0.01 -14"><span class='ocrx_word' id='word_1_155' title='bbox 279 1896 408 1931; x_wconf 87' lang='grc' dir='ltr'>ουσι</span> <span class='ocrx_word' id='word_1_156' title='bbox 448 1876 508 1930; x_wconf 80' lang='grc' dir='ltr'>ἐκ</span> <span class='ocrx_word' id='word_1_157' title='bbox 549 1874 649 1945; x_wconf 80' lang='grc' dir='ltr'>τῆς</span> <span class='ocrx_word' id='word_1_158' title='bbox 675 1868 939 1944; x_wconf 82' lang='grc' dir='ltr'>Μιλήτου</span> <span class='ocrx_word' id='word_1_159' title='bbox 973 1868 1064 1926; x_wconf 85' lang='grc' dir='ltr'>ε’πὶ</span> <span class='ocrx_word' id='word_1_160' title='bbox 1093 1867 1200 1943; x_wconf 75' lang='grc' dir='ltr'>την</span> <span class='ocrx_word' id='word_1_161' title='bbox 1226 1867 1412 1942; x_wconf 77' lang='grc' dir='ltr'>ἄλλην</span> <span class='ocrx_word' id='word_1_162' title='bbox 1435 1863 1667 1939; x_wconf 86' lang='grc' dir='ltr'>Ἰωνίην·</span> <span class='ocrx_word' id='word_1_163' title='bbox 1708 1867 1878 1927; x_wconf 81' lang='grc' dir='ltr'>πυθό-</span> 
     </span>
     <span class='ocr_line' id='line_1_22' title="bbox 277 1951 1881 2035; baseline -0.004 -15"><span class='ocrx_word' id='word_1_164' title='bbox 277 1984 441 2035; x_wconf 87' lang='grc' dir='ltr'>μενος</span> <span class='ocrx_word' id='word_1_165' title='bbox 473 1960 532 2017; x_wconf 85' lang='grc' dir='ltr'>δὲ</span> <span class='ocrx_word' id='word_1_166' title='bbox 569 1962 746 2027; x_wconf 82' lang='grc' dir='ltr'>ταῦτα</span> <span class='ocrx_word' id='word_1_167' title='bbox 771 1954 968 2015; x_wconf 78' lang='grc' dir='ltr'>Θάσον</span> <span class='ocrx_word' id='word_1_168' title='bbox 1006 1957 1111 2031; x_wconf 84' lang='grc' dir='ltr'>μὲν</span> <span class='ocrx_word' id='word_1_169' title='bbox 1145 1953 1463 2032; x_wconf 71' lang='grc' dir='ltr'>ἀπόρθητον</span> <span class='ocrx_word' id='word_1_170' title='bbox 1488 1951 1686 2023; x_wconf 80' lang='grc' dir='ltr'>λείπει,</span> <span class='ocrx_word' id='word_1_171' title='bbox 1714 1952 1881 2019; x_wconf 74' lang='grc' dir='ltr'>αὐτὰς</span> 
     </span>
     <span class='ocr_line' id='line_1_23' title="bbox 279 2040 1879 2123; baseline -0.001 -20"><span class='ocrx_word' id='word_1_172' title='bbox 279 2046 340 2104; x_wconf 85' lang='grc' dir='ltr'>δὲ</span> <span class='ocrx_word' id='word_1_173' title='bbox 367 2050 421 2123; x_wconf 79' lang='grc' dir='ltr'>ἐς</span> <span class='ocrx_word' id='word_1_174' title='bbox 445 2045 550 2121; x_wconf 70' lang='grc' dir='ltr'>τήν</span> <span class='ocrx_word' id='word_1_175' title='bbox 574 2045 810 2120; x_wconf 88' lang='grc' dir='ltr'>Λέσβον</span> <span class='ocrx_word' id='word_1_176' title='bbox 842 2042 1104 2123; x_wconf 81' lang='grc' dir='ltr'>ἠπείγετο</span> <span class='ocrx_word' id='word_1_177' title='bbox 1146 2041 1295 2123; x_wconf 75' lang='grc' dir='ltr'>ἄγων</span> <span class='ocrx_word' id='word_1_178' title='bbox 1330 2045 1526 2101; x_wconf 73' lang='grc' dir='ltr'>πᾶσαν</span> <span class='ocrx_word' id='word_1_179' title='bbox 1563 2040 1668 2117; x_wconf 80' lang='grc' dir='ltr'>τήν</span> <span class='ocrx_word' id='word_1_180' title='bbox 1707 2056 1879 2119; x_wconf 80' lang='grc' dir='ltr'>στρα-</span> 
     </span>
     <span class='ocr_line' id='line_1_24' title="bbox 277 2129 1879 2208; baseline -0.002 -15"><span class='ocrx_word' id='word_1_181' title='bbox 277 2132 420 2207; x_wconf 76' lang='grc' dir='ltr'>τίήν·</span> <span class='ocrx_word' id='word_1_182' title='bbox 463 2137 524 2192; x_wconf 80' lang='grc' dir='ltr'>ἐκ</span> <span class='ocrx_word' id='word_1_183' title='bbox 565 2132 804 2208; x_wconf 83' lang='grc' dir='ltr'>Λέσβου</span> <span class='ocrx_word' id='word_1_184' title='bbox 847 2131 920 2205; x_wconf 81' lang='grc' dir='ltr'>δὲ,</span> <span class='ocrx_word' id='word_1_185' title='bbox 958 2129 1329 2208; x_wconf 84' lang='grc' dir='ltr'>λιμαινούσης</span> <span class='ocrx_word' id='word_1_186' title='bbox 1364 2132 1419 2189; x_wconf 78' lang='grc' dir='ltr'>οἳ</span> <span class='ocrx_word' id='word_1_187' title='bbox 1457 2132 1557 2205; x_wconf 78' lang='grc' dir='ltr'>τῆς</span> <span class='ocrx_word' id='word_1_188' title='bbox 1593 2135 1879 2206; x_wconf 79' lang='grc' dir='ltr'>στρατιῆς,</span> 
     </span>
     <span class='ocr_line' id='line_1_25' title="bbox 239 2214 1921 2298; baseline -0.002 -18"><span class='ocrx_word' id='word_1_189' title='bbox 239 2221 454 2297; x_wconf 46' lang='grc' dir='ltr'>*πέρην</span> <span class='ocrx_word' id='word_1_190' title='bbox 493 2220 769 2298; x_wconf 87' lang='grc' dir='ltr'>διαβαίνει</span> <span class='ocrx_word' id='word_1_191' title='bbox 812 2224 873 2279; x_wconf 80' lang='grc' dir='ltr'>ἐκ</span> <span class='ocrx_word' id='word_1_192' title='bbox 911 2222 1012 2279; x_wconf 78' lang='grc' dir='ltr'>τοῦ</span> <span class='ocrx_word' id='word_1_193' title='bbox 1055 2216 1350 2296; x_wconf 86' lang='grc' dir='ltr'>Ἀταρνέος</span> <span class='ocrx_word' id='word_1_194' title='bbox 1394 2216 1464 2279; x_wconf 79' lang='grc' dir='ltr'>ὦς</span> <span class='ocrx_word' id='word_1_195' title='bbox 1504 2214 1737 2291; x_wconf 74' lang='grc' dir='ltr'>ἀμήσων</span> <span class='ocrx_word' id='word_1_196' title='bbox 1778 2216 1883 2277; x_wconf 81' lang='grc' dir='ltr'>τόν</span> <span class='ocrx_word' id='word_1_197' title='bbox 1910 2261 1921 2277; x_wconf 88' lang='grc'><strong>.</strong></span> 
     </span>
     <span class='ocr_line' id='line_1_26' title="bbox 278 2303 1881 2379; baseline -0.002 -12"><span class='ocrx_word' id='word_1_198' title='bbox 278 2310 456 2379; x_wconf 83' lang='grc' dir='ltr'>σῖτον,</span> <span class='ocrx_word' id='word_1_199' title='bbox 483 2308 582 2367; x_wconf 84' lang='grc' dir='ltr'>τόν</span> <span class='ocrx_word' id='word_1_200' title='bbox 606 2335 668 2369; x_wconf 92' lang='grc' dir='ltr'>τε</span> <span class='ocrx_word' id='word_1_201' title='bbox 697 2308 944 2369; x_wconf 78' lang='grc' dir='ltr'>ἐνθεῦτεν</span> <span class='ocrx_word' id='word_1_202' title='bbox 971 2306 1064 2366; x_wconf 81' lang='grc' dir='ltr'>καὶ</span> <span class='ocrx_word' id='word_1_203' title='bbox 1089 2304 1190 2367; x_wconf 81' lang='grc' dir='ltr'>τόν</span> <span class='ocrx_word' id='word_1_204' title='bbox 1218 2311 1278 2365; x_wconf 83' lang='grc' dir='ltr'>ἐκ</span> <span class='ocrx_word' id='word_1_205' title='bbox 1305 2305 1522 2363; x_wconf 84' lang='grc' dir='ltr'>Καΐκου</span> <span class='ocrx_word' id='word_1_206' title='bbox 1542 2303 1749 2363; x_wconf 74' lang='grc' dir='ltr'>’πεδίου</span> <span class='ocrx_word' id='word_1_207' title='bbox 1778 2304 1881 2365; x_wconf 80' lang='grc' dir='ltr'>τόν</span> 
     </span>
     <span class='ocr_line' id='line_1_27' title="bbox 277 2391 1882 2472; baseline -0.002 -17"><span class='ocrx_word' id='word_1_208' title='bbox 277 2398 389 2455; x_wconf 77' lang='grc' dir='ltr'>τῶν</span> <span class='ocrx_word' id='word_1_209' title='bbox 412 2399 650 2456; x_wconf 79' lang='grc' dir='ltr'>Μυσῶν·</span> <span class='ocrx_word' id='word_1_210' title='bbox 694 2400 752 2455; x_wconf 78' lang='grc' dir='ltr'>ἐν</span> <span class='ocrx_word' id='word_1_211' title='bbox 779 2396 838 2454; x_wconf 83' lang='grc' dir='ltr'>δὲ</span> <span class='ocrx_word' id='word_1_212' title='bbox 862 2394 1114 2455; x_wconf 84' lang='grc' dir='ltr'>τούτοισι</span> <span class='ocrx_word' id='word_1_213' title='bbox 1140 2396 1295 2454; x_wconf 83' lang='grc' dir='ltr'>τοῖσι</span> <span class='ocrx_word' id='word_1_214' title='bbox 1318 2392 1577 2472; x_wconf 87' lang='grc' dir='ltr'>χωρίοισι</span> <span class='ocrx_word' id='word_1_215' title='bbox 1613 2391 1882 2472; x_wconf 77' lang='grc' dir='ltr'>ἐτύγχανε</span> 
     </span>
     <span class='ocr_line' id='line_1_28' title="bbox 280 2479 1883 2563; baseline 0 -21"><span class='ocrx_word' id='word_1_216' title='bbox 280 2482 382 2542; x_wconf 78' lang='grc' dir='ltr'>ε’ὠν</span> <span class='ocrx_word' id='word_1_217' title='bbox 411 2482 720 2563; x_wconf 71' lang='grc' dir='ltr'>Ἅρπαγος,</span> <span class='ocrx_word' id='word_1_218' title='bbox 765 2482 904 2561; x_wconf 72' lang='grc' dir='ltr'>σῖνὴρ</span> <span class='ocrx_word' id='word_1_219' title='bbox 948 2484 1197 2560; x_wconf 78' lang='grc' dir='ltr'>Πέρσης,</span> <span class='ocrx_word' id='word_1_220' title='bbox 1246 2479 1564 2561; x_wconf 81' lang='grc' dir='ltr'>στρατηγός</span> <span class='ocrx_word' id='word_1_221' title='bbox 1610 2482 1883 2555; x_wconf 79' lang='grc' dir='ltr'>στρατιῆς</span> 
     </span>
     <span class='ocr_line' id='line_1_29' title="bbox 198 2564 1880 2652; baseline -0.002 -23"><span class='ocrx_word' id='word_1_222' title='bbox 198 2570 207 2620; x_wconf 58' lang='lat' dir='ltr'>s.</span> <span class='ocrx_word' id='word_1_223' title='bbox 279 2570 380 2629; x_wconf 74' lang='grc' dir='ltr'>οὐκ</span> <span class='ocrx_word' id='word_1_224' title='bbox 425 2570 640 2652; x_wconf 80' lang='grc' dir='ltr'>ὀλίγης·</span> <span class='ocrx_word' id='word_1_225' title='bbox 693 2570 754 2634; x_wconf 84' lang='grc' dir='ltr'>ὅς</span> <span class='ocrx_word' id='word_1_226' title='bbox 800 2574 854 2630; x_wconf 81' lang='grc' dir='ltr'>οἱ</span> <span class='ocrx_word' id='word_1_227' title='bbox 901 2568 1185 2646; x_wconf 81' lang='grc' dir='ltr'>αποβάντι</span> <span class='ocrx_word' id='word_1_228' title='bbox 1238 2567 1557 2645; x_wconf 75' lang='grc' dir='ltr'>συμβαλων</span> <span class='ocrx_word' id='word_1_229' title='bbox 1611 2564 1780 2626; x_wconf 72' lang='grc' dir='ltr'>αὐτόν</span> <span class='ocrx_word' id='word_1_230' title='bbox 1816 2593 1880 2626; x_wconf 90' lang='grc' dir='ltr'>τε</span> 
     </span>
     <span class='ocr_line' id='line_1_30' title="bbox 279 2652 1881 2740; baseline -0.003 -22.952"><span class='ocrx_word' id='word_1_231' title='bbox 279 2657 547 2719; x_wconf 86' lang='grc' dir='ltr'>Ἱστιαῖον</span> <span class='ocrx_word' id='word_1_232' title='bbox 573 2659 776 2740; x_wconf 86' lang='grc' dir='ltr'>ζωγρίῃ</span> <span class='ocrx_word' id='word_1_233' title='bbox 806 2660 984 2735; x_wconf 85' lang='grc' dir='ltr'>ἔλαβε</span> <span class='ocrx_word' id='word_1_234' title='bbox 1021 2658 1113 2717; x_wconf 86' lang='grc' dir='ltr'>καὶ</span> <span class='ocrx_word' id='word_1_235' title='bbox 1148 2658 1249 2718; x_wconf 81' lang='grc' dir='ltr'>τὸν</span> <span class='ocrx_word' id='word_1_236' title='bbox 1289 2654 1533 2732; x_wconf 76' lang='grc' dir='ltr'>στρατὸν</span> <span class='ocrx_word' id='word_1_237' title='bbox 1570 2652 1740 2714; x_wconf 76' lang='grc' dir='ltr'>αὐτοῦ</span> <span class='ocrx_word' id='word_1_238' title='bbox 1779 2654 1881 2714; x_wconf 84' lang='grc' dir='ltr'>τόν</span> 
     </span>
     <span class='ocr_line' id='line_1_31' title="bbox 184 2739 1885 2828; baseline -0.001 -24"><span class='ocrx_word' id='word_1_239' title='bbox 184 2747 260 2807; x_wconf 88' lang='grc'>29</span> <span class='ocrx_word' id='word_1_240' title='bbox 281 2749 435 2805; x_wconf 88' lang='grc' dir='ltr'>πλέω</span> <span class='ocrx_word' id='word_1_241' title='bbox 472 2746 768 2824; x_wconf 84' lang='grc' dir='ltr'>διέφθειρε.</span> <span class='ocrx_word' id='word_1_242' title='bbox 849 2746 1174 2828; x_wconf 86' lang='grc' dir='ltr'>Ἐζωγρήθη</span> <span class='ocrx_word' id='word_1_243' title='bbox 1202 2746 1261 2804; x_wconf 82' lang='grc' dir='ltr'>δὲ</span> <span class='ocrx_word' id='word_1_244' title='bbox 1294 2743 1325 2804; x_wconf 83' lang='grc' dir='ltr'>ὁ</span> <span class='ocrx_word' id='word_1_245' title='bbox 1352 2742 1617 2805; x_wconf 78' lang='grc' dir='ltr'>Ἱστιαῖος</span> <span class='ocrx_word' id='word_1_246' title='bbox 1644 2739 1766 2800; x_wconf 81' lang='grc' dir='ltr'>ὧδε·</span> <span class='ocrx_word' id='word_1_247' title='bbox 1810 2767 1885 2804; x_wconf 86' lang='grc' dir='ltr'>ως</span> 
     </span>
     <span class='ocr_line' id='line_1_32' title="bbox 281 2828 1885 2914; baseline -0.004 -20"><span class='ocrx_word' id='word_1_248' title='bbox 281 2835 556 2914; x_wconf 77' lang='grc' dir='ltr'>ἐμάχοντο</span> <span class='ocrx_word' id='word_1_249' title='bbox 594 2838 648 2895; x_wconf 76' lang='grc' dir='ltr'>οἱ</span> <span class='ocrx_word' id='word_1_250' title='bbox 667 2836 949 2912; x_wconf 84' lang='grc' dir='ltr'>Ἕλληνες</span> <span class='ocrx_word' id='word_1_251' title='bbox 972 2838 1127 2896; x_wconf 81' lang='grc' dir='ltr'>τοῖσι</span> <span class='ocrx_word' id='word_1_252' title='bbox 1152 2835 1421 2912; x_wconf 84' lang='grc' dir='ltr'>Πέρσῃσι</span> <span class='ocrx_word' id='word_1_253' title='bbox 1449 2836 1507 2891; x_wconf 82' lang='grc' dir='ltr'>ἐν</span> <span class='ocrx_word' id='word_1_254' title='bbox 1531 2834 1604 2909; x_wconf 79' lang='grc' dir='ltr'>τῇ</span> <span class='ocrx_word' id='word_1_255' title='bbox 1630 2828 1885 2907; x_wconf 82' lang='grc' dir='ltr'>Μαλήνῃ</span> 
     </span>
     <span class='ocr_line' id='line_1_33' title="bbox 277 2916 1883 3003; baseline -0.007 -17"><span class='ocrx_word' id='word_1_256' title='bbox 277 2926 381 2998; x_wconf 80' lang='grc' dir='ltr'>τῆς</span> <span class='ocrx_word' id='word_1_257' title='bbox 402 2922 806 3001; x_wconf 85' lang='grc' dir='ltr'>Ἀταρνείτιδος</span> <span class='ocrx_word' id='word_1_258' title='bbox 843 2923 1044 3003; x_wconf 79' lang='grc' dir='ltr'>χώρης,</span> <span class='ocrx_word' id='word_1_259' title='bbox 1076 2926 1130 2983; x_wconf 80' lang='grc' dir='ltr'>οἶ</span> <span class='ocrx_word' id='word_1_260' title='bbox 1156 2924 1258 2999; x_wconf 83' lang='grc' dir='ltr'>μὲν</span> <span class='ocrx_word' id='word_1_261' title='bbox 1285 2920 1645 2981; x_wconf 87' lang='grc' dir='ltr'>συνέστασαν</span> <span class='ocrx_word' id='word_1_262' title='bbox 1676 2916 1883 2995; x_wconf 87' lang='grc' dir='ltr'>χρόνον</span> 
     </span>
     <span class='ocr_line' id='line_1_34' title="bbox 282 3004 1883 3089; baseline -0.006 -20"><span class='ocrx_word' id='word_1_263' title='bbox 282 3010 375 3070; x_wconf 82' lang='grc' dir='ltr'>ε’πὶ</span> <span class='ocrx_word' id='word_1_264' title='bbox 399 3012 636 3084; x_wconf 75' lang='grc' dir='ltr'>πολλᾶν,</span> <span class='ocrx_word' id='word_1_265' title='bbox 657 3012 695 3089; x_wconf 78' lang='grc' dir='ltr'><strong><em>ἦ</em></strong></span> <span class='ocrx_word' id='word_1_266' title='bbox 723 3013 782 3072; x_wconf 85' lang='grc' dir='ltr'>δὲ</span> <span class='ocrx_word' id='word_1_267' title='bbox 809 3014 977 3075; x_wconf 84' lang='grc' dir='ltr'>ἵππος</span> <span class='ocrx_word' id='word_1_268' title='bbox 1001 3010 1240 3087; x_wconf 79' lang='grc' dir='ltr'>ὕστερον</span> <span class='ocrx_word' id='word_1_269' title='bbox 1262 3009 1577 3088; x_wconf 77' lang='grc' dir='ltr'>ὁρμηθεῖσα</span> <span class='ocrx_word' id='word_1_270' title='bbox 1598 3004 1883 3064; x_wconf 74' lang='grc' dir='ltr'>ἐπιπίπτει</span> 
     </span>
     <span class='ocr_line' id='line_1_35' title="bbox 278 3090 1885 3179; baseline -0.006 -23"><span class='ocrx_word' id='word_1_271' title='bbox 278 3101 436 3158; x_wconf 80' lang='grc' dir='ltr'>τοῖσι</span> <span class='ocrx_word' id='word_1_272' title='bbox 448 3098 724 3177; x_wconf 85' lang='grc' dir='ltr'>Ελλησι·</span> <span class='ocrx_word' id='word_1_273' title='bbox 765 3100 894 3161; x_wconf 87' lang='grc' dir='ltr'>τότε</span> <span class='ocrx_word' id='word_1_274' title='bbox 936 3098 1076 3175; x_wconf 78' lang='grc' dir='ltr'>δὴ”</span> <span class='ocrx_word' id='word_1_275' title='bbox 1049 3125 1211 3179; x_wconf 90' lang='grc' dir='ltr'>εργον</span> <span class='ocrx_word' id='word_1_276' title='bbox 1240 3102 1342 3173; x_wconf 87' lang='grc' dir='ltr'>τῆς</span> <span class='ocrx_word' id='word_1_277' title='bbox 1370 3122 1545 3156; x_wconf 89' lang='grc' dir='ltr'>ιππου</span> <span class='ocrx_word' id='word_1_278' title='bbox 1570 3096 1739 3154; x_wconf 80' lang='grc' dir='ltr'>τοῦτο</span> <span class='ocrx_word' id='word_1_279' title='bbox 1768 3090 1885 3169; x_wconf 79' lang='grc' dir='ltr'>ἐγέ-</span> 
     </span>
     <span class='ocr_line' id='line_1_36' title="bbox 280 3179 1887 3268; baseline -0.001 -24"><span class='ocrx_word' id='word_1_280' title='bbox 280 3206 425 3246; x_wconf 86' lang='grc' dir='ltr'>νετο·</span> <span class='ocrx_word' id='word_1_281' title='bbox 467 3189 560 3247; x_wconf 85' lang='grc' dir='ltr'>καὶ</span> <span class='ocrx_word' id='word_1_282' title='bbox 599 3188 986 3268; x_wconf 84' lang='grc' dir='ltr'>τετραμμένων</span> <span class='ocrx_word' id='word_1_283' title='bbox 1032 3190 1144 3248; x_wconf 79' lang='grc' dir='ltr'>τῶν</span> <span class='ocrx_word' id='word_1_284' title='bbox 1187 3184 1493 3261; x_wconf 85' lang='grc' dir='ltr'>Ἑλλήνων,</span> <span class='ocrx_word' id='word_1_285' title='bbox 1542 3181 1575 3243; x_wconf 82' lang='grc' dir='ltr'>ὁ</span> <span class='ocrx_word' id='word_1_286' title='bbox 1616 3179 1887 3240; x_wconf 70' lang='grc' dir='ltr'>Ἱστιαῖος</span> 
     </span>
     <span class='ocr_line' id='line_1_37' title="bbox 281 3265 1886 3350; baseline -0.006 -22"><span class='ocrx_word' id='word_1_287' title='bbox 281 3272 518 3343; x_wconf 78' lang='grc' dir='ltr'>ἐλπίζων</span> <span class='ocrx_word' id='word_1_288' title='bbox 540 3302 643 3335; x_wconf 90' lang='grc' dir='ltr'>ουκ</span> <span class='ocrx_word' id='word_1_289' title='bbox 667 3277 1017 3339; x_wconf 78' lang='grc' dir='ltr'>ἀπολέεσθαι</span> <span class='ocrx_word' id='word_1_290' title='bbox 1052 3301 1163 3334; x_wconf 85' lang='grc' dir='ltr'>υπο</span> <span class='ocrx_word' id='word_1_291' title='bbox 1146 3272 1471 3350; x_wconf 88' lang='grc' dir='ltr'>βασιλέος</span> <span class='ocrx_word' id='word_1_292' title='bbox 1498 3265 1588 3329; x_wconf 83' lang='grc' dir='ltr'>δια</span> <span class='ocrx_word' id='word_1_293' title='bbox 1616 3288 1719 3336; x_wconf 87' lang='grc' dir='ltr'>την</span> <span class='ocrx_word' id='word_1_294' title='bbox 1745 3284 1886 3334; x_wconf 60' lang='grc' dir='ltr'>παρτ</span> 
     </span>
    </p>
   </div>
  </div>
 </body>
</html>
