2259 3500
358 117 574 182 46-49J
954 117 1362 168 ΤΕΡΨΙΧΟΡΗ.
1900 117 1959 166 21

353 195 598 276 ταγόρης
625 196 786 276 ἔλεγε
809 194 951 271 πρός
977 193 1147 255 αὐτόν
1172 194 1324 255 τάδε·
1366 205 1401 230 “
1420 193 1755 272 Κλεόμενες,
1784 219 1962 254 σπου-

355 283 458 360 δήν
481 286 586 361 μὲν
608 282 712 359 τήν
747 285 889 360 ἐμήν
912 282 994 360 μὴ
1021 283 1289 362 θωμάσῃς
1313 287 1415 360 τῆς
1448 284 1685 344 ἐνθαῦτα
1722 281 1959 353 ἀπίξιος·

355 371 426 432 τσῖ
479 371 590 453 γὰρ
636 369 946 446 κατ-ἥκοντά
995 377 1120 432 ἐστι
1165 375 1414 432 τοιαῦτα.
1512 369 1707 431 Ἰώνων
1760 370 1963 434 παῖδας

357 459 590 524 δούλους
630 459 769 519 εἶναι
809 457 924 519 ἄντ’
953 460 1257 536 ἐλευθέρων
1288 459 1494 522 ὄνειδος
1525 460 1617 518 καὶ
1654 458 1830 541 ἄλγος
1864 458 1961 535 μέ-

355 572 557 628 γιστον
595 549 698 624 μὲν
739 546 966 607 αὐτοῖσι
1003 547 1157 625 ἡμῖν,
1201 549 1281 608 ἔτι
1319 547 1379 608 δὲ
1416 551 1528 608 τῶν
1563 551 1778 608 λοιπῶν
1812 546 1959 624 ύμῖν,

355 633 474 715 ὅσῳ
513 637 830 712 προέστατε
869 639 973 712 τῆς
1009 635 1305 699 Ἑλλάδος.
1391 639 1490 696 νῦν
1521 634 1609 706 ὧν,
1644 634 1786 713 πρὸς
1819 635 1959 697 θεῶν

353 726 464 783 τῶν
513 722 840 799 Ἑλληνίων,
893 722 1153 800 ῥύσασθε
1208 723 1404 787 Ἴωνας
1472 728 1533 782 ἐκ
1600 724 1958 799 δουλοσύνης,

355 809 559 887 ἄνδρας
593 810 920 887 ὁμαίμονας.
1005 811 1271 874 εὐπετέως
1310 812 1369 871 δὲ
1400 810 1532 888 ύμῖν
1560 814 1739 871 ταῦτα
1770 809 1863 870 οἷό.
1894 837 1959 870 τε

354 898 584 976 χωρέειν
617 900 759 958 ἐστί·
817 899 944 959 οὔτε
979 899 1089 980 γὰρ
1127 903 1181 959 οἶ
1221 898 1517 977 βάρβαροι
1556 897 1792 976 ἅλκιμοί
1830 901 1957 968 εἰσι,

354 985 511 1061 ὑμεῖς
539 1012 602 1046 τε
631 985 704 1047 τοὶ
739 991 796 1050 ἐς
829 985 931 1048 τόν
962 985 1216 1064 πόλεμον
1248 993 1303 1051 ἐς
1340 987 1411 1046 τοὶ
1446 987 1693 1067 μέγιστα
1730 985 1961 1062 ἀνήκετε

355 1072 554 1150 σῖρετῆς
579 1075 726 1152 πέρι·
765 1073 804 1152 ἦ
831 1101 892 1135 τε
917 1075 1076 1154 μα’χη
1103 1075 1285 1136 αὐτῶν
1314 1075 1439 1136 ἐστὶ
1468 1073 1671 1151 τοιήδε,
1699 1073 1838 1144 τόξα
1864 1074 1957 1134 καὶ

355 1163 532 1240 αἰχμή
574 1163 818 1242 βραχέα·
868 1161 1195 1241 ἀναξυρίδας
1236 1164 1295 1222 δὲ
1343 1165 1562 1243 ἔχοντες
1606 1163 1861 1242 ἔρχονται
1902 1167 1959 1226 ἐς

355 1247 456 1312 τοὶς
477 1250 662 1329 μάχας
695 1251 788 1310 καὶ
826 1252 1142 1328 κυρβασίας
1172 1251 1265 1311 ἐπὶ
1296 1256 1433 1330 τῇσι
1460 1255 1769 1330 κεφαλῇσι·
1814 1250 1955 1310 οὕτω

357 1335 602 1402 εὐπετέες
636 1340 974 1418 χειρωθῆναί
1001 1344 1132 1400 εἶσι.
1216 1341 1339 1400 ἔστι
1370 1339 1429 1400 δὲ
1466 1340 1557 1398 καὶ
1592 1338 1779 1419 ἀγαθοὶ
1804 1343 1957 1399 τοῖσι

354 1423 458 1499 τὴν
496 1425 728 1503 ἤπειρον
770 1428 980 1504 ἐκείνην
1025 1429 1400 1505 νεμομένοισι,
1456 1426 1569 1487 ὅσα
1622 1426 1747 1486 οὐδὲ
1800 1430 1955 1487 τοῖσι

355 1513 644 1573 συνάπασι
685 1512 938 1573 ἄλλοισι·
981 1514 1093 1574 ἀπὸ
1125 1519 1343 1594 χρυσοῦ
1375 1514 1757 1593 ἀρξαμένοισι,
1790 1514 1955 1596 ὄργυ-

353 1625 452 1677 ρος
485 1601 576 1658 καὶ
606 1601 822 1678 χαλκὸς
860 1602 952 1659 καὶ
991 1601 1166 1676 ἐσθὴς
1201 1602 1432 1677 ποικίλη
1466 1603 1557 1660 καὶ
1588 1601 1861 1683 ύποζύγιά
1892 1628 1957 1664 τε

357 1688 450 1746 καὶ
475 1686 814 1765 ἀνδράποδα·
850 1686 921 1747 τοὶ
947 1688 1102 1767 θυμῷ
1118 1687 1464 1765 βουλόμενοι
1488 1687 1649 1747 αὐτοὶ
1668 1685 1737 1747 ἂν
1756 1690 1954 1768 ἔχοιτε.

356 1776 707 1852 κατοίκηνται
749 1776 808 1836 δὲ
849 1775 1122 1852 ἀλλήλων
1163 1775 1435 1855 ἐχόμενοι,
1474 1774 1545 1840 ὦς
1587 1776 1695 1857 ἐγῶ
1732 1776 1955 1854 φράσω.

353 1860 550 1924 Ἰώνων
587 1866 691 1941 μὲν
729 1864 899 1926 τῶνδε
941 1864 1056 1925 οἵδε
1101 1864 1293 1935 Λυδοὶ,
1342 1864 1610 1928 οἰκέοντές
1663 1890 1725 1925 τε
1769 1864 1957 1944 χώρην

357 1949 574 2032 ἀγαθήν
620 1954 713 2013 καὶ
761 1953 1290 2034 πολυαργυρώτατοι
1334 1952 1565 2017 ἐόντες·”
1633 1953 1843 2017 δεικνῦς
1896 1954 1955 2013 δὲ

358 2039 513 2120 ἔλεγε
538 2044 714 2102 ταῦτα
740 2046 794 2105 ἐς
817 2045 918 2117 τῆς
942 2047 1048 2123 γῆς
1070 2040 1177 2117 τὴν
1212 2041 1470 2117 περίοδον
1501 2039 1605 2118 τήν
1633 2042 1865 2119 ἐφέρετο
1898 2047 1956 2103 ἐν
2026 2062 2034 2071 “

339 2130 429 2204 ’τῷ
462 2128 652 2187 πίνακι
685 2130 1104 2205 ἐντετμημένην·
1156 2139 1194 2164 “
1211 2129 1405 2189 Λυδῶν
1443 2128 1551 2199 δέ,”
1580 2130 1689 2207 ἔφη
1716 2130 1896 2210 λέγων
1921 2129 1954 2189 ὁ

354 2212 774 2297 Ἀρισταγόρης,
803 2216 959 2275 “οἴδε
980 2216 1201 2295 ἔχονται
1227 2215 1455 2298 Φρύγες,
1478 2219 1533 2277 οἶ
1558 2217 1699 2295 πρὸς
1723 2218 1825 2293 τήν
1851 2216 1951 2292 ἠῶ,

353 2304 934 2379 πολυπροβατώτατοι
967 2330 1030 2365 τε
1065 2302 1247 2367 ἐόντες
1273 2303 1531 2365 ἁπάντων
1555 2308 1666 2366 τῶν
1693 2304 1801 2384 ἐγῶ
1829 2304 1953 2364 οἶδα

355 2390 447 2448 καὶ
485 2390 994 2467 πολυκαρπότατοι.
1076 2396 1309 2472 Φρυγῶν
1348 2392 1408 2451 δὲ
1449 2392 1669 2471 ἔχονται
1711 2399 1951 2453 Καππα-

353 2476 532 2550 δόκαι,
571 2478 702 2543 τούς
744 2478 906 2556 ἡμεῖς
958 2481 1191 2557 Συρίους
1233 2481 1525 2557 καλέομεν·
1587 2481 1840 2541 τούτοισι
1894 2482 1954 2540 δὲ

351 2565 660 2645 πρόσουροι
693 2572 940 2639 Κιλικες,
967 2567 1297 2645 κατήκοντες
1334 2570 1425 2628 ἐπὶ
1458 2569 1763 2630 θάλασσαν
1786 2569 1951 2645 τήνδε

352 2659 412 2713 ἐν
447 2652 488 2733 ᾗ
526 2655 626 2732 ἥδε
667 2657 897 2734 Κύπρος
921 2659 1118 2732 ’νῆσος
1159 2657 1357 2723 κέεται·
1400 2657 1455 2716 οἳ
1483 2656 1826 2719 πεντακόσια
1855 2656 1951 2718 τά·

350 2746 532 2803 λαντα
553 2746 797 2820 βασιλέϊ
819 2744 919 2805 τὸν
951 2745 1197 2804 ἐπέτειον
1222 2744 1403 2823 φόρον
1430 2749 1767 2806 ἐπιτελεῦσι.
1849 2751 1951 2805 Κι-

351 2830 520 2889 λίκων
562 2832 622 2891 δὲ
664 2832 834 2894 τῶνδε
887 2832 1110 2911 ἔχονται
1154 2830 1437 2910 Ἀρμένιοι
1478 2834 1611 2903 οἵδε,
1657 2834 1750 2892 καὶ
1796 2832 1951 2893 οὗτοι

350 2916 531 2980 ἐόντες
549 2920 1001 2997 πολυπρόβατοι.
1042 2918 1347 2998 Ἀρμενίων
1366 2920 1427 2980 δὲ
1446 2922 1742 2998 Ματιηνοὶ,
1763 2918 1951 2999 χώρην

347 3003 512 3079 τήνδε
537 3005 774 3084 ἔχοντες.
856 3008 1040 3086 ἔχεται
1065 3009 1124 3068 δὲ
1150 3008 1358 3069 τούτων
1382 3014 1459 3090 γῆ
1486 3008 1584 3085 ἥδε
1612 3008 1851 3082 Κισσίη·
1882 3013 1940 3067 ἐν

346 3098 420 3171 τῇ
447 3093 514 3170 δή
540 3094 694 3171 παρὰ
717 3096 973 3172 ποταμόν
996 3096 1156 3156 τόνδε
1182 3096 1462 3173 Χοάσπην
1489 3093 1710 3170 κείμενσῖ
1736 3099 1857 3151 ἐστι
1877 3094 1947 3153 τοὶ

348 3182 545 3246 Σοῦσα
559 3186 750 3253 ταῦτα,
768 3184 900 3243 ἔνθα
913 3182 1195 3260 βασιλεύς
1207 3208 1271 3243 τε
1286 3184 1461 3263 μέγας
1478 3182 1690 3239 δίαιταν
1705 3179 1949 3239 ποιέεται

350 3271 440 3394 vulfi.
456 3275 568 3331 τῶν
584 3269 886 3350 χρημάτων
911 3275 966 3331 οἱ
993 3271 1270 3347 θησαυροὶ
1290 3265 1523 3329 ἐνθαῦτά
1544 3268 1673 3323 εἶσι.
1728 3264 1948 3331 ἑλόντες

409 3348 547 3400 Ῐ.-3
759 3348 768 3357 ’
