2259 3500
304 89 400 137 262
915 85 1280 134 ἭΡοΔοΤοϊ
1724 84 1906 148 [vm.

302 170 456 228 τοῖσι
493 167 724 247 λόγοισι
763 164 836 225 τοὶ
873 166 1010 246 ἔργα
1051 162 1390 241 πειρώμενον
1429 162 1618 241 ὁμοῖα.
1698 164 1907 241 ταύτην

301 257 405 333 μὲν
433 254 538 329 τὴν
563 252 776 331 ἡμέρην
811 259 865 317 ἐς
898 256 1144 313 τοσοῦτο
1178 252 1407 332 ἐγίνετο·
1460 255 1561 327 τῆς
1597 250 1657 311 δὲ
1692 252 1905 321 νυκτός,

308 341 675 404 κελεύσαντος
708 334 987 416 βασιλέος
1010 341 1112 404 τοῖς
1140 344 1275 418 νῆας
1302 343 1355 398 οἷ
1382 339 1691 420 στρατηγοὶ
1719 346 1779 399 ἐκ
1804 344 1909 400 τοῦ

303 430 569 507 Φαλήρου
622 428 844 510 ἀπῆγον
885 429 1068 489 ὀπίσω
1091 431 1165 492 ’ἐς
1203 428 1304 487 τὸν
1342 423 1800 502 Ἑλλήσποντον,1
1836 428 1907 491 ὦς

309 518 501 597 τάχεος
530 516 646 597 εἶχε
675 519 923 592 ἕκαστος,
949 515 1405 593 διαφυλαξούσας
1423 514 1525 578 τοῖς
1550 515 1781 593 σχεδίας
1804 542 1906 575 πο-

304 606 568 684 ρευθῆναι
602 606 865 683 βασιλέϊ.
934 605 1054 665 ἐπεὶ
1095 605 1156 665 δὲ
1198 602 1379 685 ἀγχοῦ
1419 600 1569 680 ἦσαν
1608 606 1907 681 Ζωστῆρος

261 716 268 719 ·
303 694 585 758 πλώοντες
620 698 674 753 οἱ
705 690 1015 771 βάρβαροι,
1054 692 1404 754 ἀνατείνουσι
1434 691 1547 772 γὰρ
1583 691 1747 767 ἄκραι
1771 695 1905 751 λεπ-

302 782 397 841 ταὶ
433 786 534 858 τῆς
573 782 822 859 ἠπείρου,
866 781 1070 843 ταύτας
1109 778 1303 849 ἔδοξάν
1340 805 1403 839 τε
1442 783 1577 855 νῆας
1618 776 1770 850 εἶναι,
1814 781 1908 839 καὶ

305 869 542 950 ἔφευγον
581 870 672 929 ἐπὶ
698 868 938 929 πολλόν·
982 869 1164 948 χρόνῳ
1191 869 1252 927 δὲ
1276 866 1550 943 μαθόντες
1576 864 1663 927 ὅτι
1689 864 1756 925 οὔ
1782 870 1909 942 νῆες

306 957 413 1018 εἶεν
433 957 563 1016 ἀλλ’
592 956 772 1035 ἄκραι,
802 957 1210 1037 συλλεχθέντες
1236 956 1574 1031 ἐκομίζοντο.

155 1070 162 1077 ·
213 1047 327 1105 108
409 1044 507 1108 Ὡς
534 1046 594 1103 δὲ
619 1044 799 1122 ἡμέρη
828 1046 1061 1125 ἐγένετο,
1091 1043 1341 1121 ὁρέοντες
1366 1046 1420 1102 οῖ
1448 1041 1727 1118 Ἕλληνες
1766 1040 1907 1102 κατὰ

311 1131 499 1210 χώρην
533 1133 774 1216 μένοντα
806 1158 905 1191 τον
933 1132 1180 1208 στρατὸν
1213 1132 1311 1191 τόν
1336 1130 1523 1201 πεζον,
1550 1128 1787 1207 ἤλπιζον
1816 1130 1909 1189 καὶ

305 1220 404 1282 τοὶς
431 1223 567 1294 νῆας
595 1219 734 1278 εἶναι
752 1218 880 1296 περὶ
899 1218 1182 1296 Φάληρον·
1213 1218 1429 1279 ἐδόκεόν
1447 1244 1509 1278 τε
1527 1216 1911 1305 ναυμαχήσειν

307 1306 509 1383 σφέας,
551 1290 930 1385 παραρτέοντό
973 1331 1036 1366 τε
1084 1333 1155 1369 ως
1201 1306 1626 1384 ἀλεξησόμενοι·
1686 1307 1806 1365 ἐπεὶ
1850 1306 1909 1365 δὲ

309 1393 578 1455 ἐπύθοντο
620 1421 720 1458 τας
764 1400 900 1470 νῆας
949 1395 1252 1473 οἰχωκυίας,
1296 1394 1509 1454 αυτίκα
1544 1420 1686 1471 μετα
1734 1398 1907 1453 ταῦτα

311 1481 492 1541 ἐδόκεε
527 1481 848 1543 ἐπιδιώκειν·
890 1481 990 1544 τόν
1019 1483 1124 1559 μέν
1160 1508 1257 1543 νυν
1290 1480 1545 1542 ναυτικόν
1568 1480 1668 1540 τόν
1695 1482 1908 1558 Ξέρξεω

311 1569 558 1647 στρατὸν
585 1569 686 1629 οὐκ
715 1571 932 1631 ἐπεῖδον
967 1569 1257 1640 διώξαντες
1286 1570 1455 1649 μέχρι
1477 1566 1737 1644 ”Ανδρου,
1770 1573 1826 1631 ἐς
1852 1568 1911 1627 δὲ

307 1656 663 1736 τῆν”Ανδρον
683 1658 1010 1737 α’πικόμενοι
1031 1657 1421 1735 ἐβουλεύοντο.
1476 1656 1911 1733 ’Θεμιστοκλέης

313 1746 418 1823 μέν
444 1773 542 1808 νυν
565 1746 792 1830 γνώμην
818 1746 1191 1817 ἀπεδείκνυτο,
1214 1744 1303 1805 διοὶ
1325 1743 1512 1821 νήσων
1534 1742 1912 1831 τραπομένους

312 1834 405 1894 καὶ
453 1835 844 1906 ἐπιδιώξαντας
884 1835 984 1898 τοὶς
1025 1838 1162 1910 νῆας
1181 1885 1183 1890 .
1202 1833 1411 1894 πλώειν
1467 1831 1619 1896 ἰθέως
1671 1832 1761 1891 ἐπὶ
1813 1831 1911 1892 τᾶν

314 1918 765 2000 Ἑλλήσποντον,
797 1923 1077 1985 λύσοντας
1110 1921 1212 1985 τὰς
1247 1921 1513 2002 γεφύρας·
1560 1919 1913 1997 Εὐρυβιάδης

313 2010 374 2069 δὲ
406 2010 508 2086 τὴν
547 2011 796 2088 ἐναντίην
831 2009 1004 2088 ταύτῃ
1032 2009 1257 2090 γ’νώμην
1284 2010 1508 2081 ἐτίθετο,
1540 2007 1735 2087 λέγων,
1768 2006 1839 2070 ὥς
1866 2011 1915 2066 εἰ

314 2096 562 2157 λύσουσι
612 2097 714 2160 τοὶς
767 2097 1010 2176 σχεδίας,
1051 2095 1201 2157 τοῦτ’
1256 2094 1323 2156 ἂν
1376 2095 1646 2176 μέγιστον
1697 2093 1915 2154 πάντων

313 2188 483 2260 σφεῖς
519 2184 689 2245 κακόν
723 2185 827 2260 τὴν
852 2184 1106 2248 Ελλάδα
1146 2183 1496 2265 ἐργάσαιντο·
1540 2186 1588 2242 εἰ
1613 2181 1723 2262 γὰρ
1750 2180 1914 2263 οἷναγ-

315 2272 552 2348 κασθείη
566 2270 1016 2350 ἀπολαμφθεὶς*
983 2300 1014 2332 ο
1037 2273 1268 2350 Περσης
1283 2273 1465 2350 μένειν
1488 2275 1545 2331 ἐν
1562 2273 1634 2348 τῇ
1654 2267 1913 2348 Εὐρώπῃ,

293 2364 556 2440 ,πειρῶτο
595 2358 665 2420 αν
710 2359 953 2441 ἡσυχίην
993 2361 1075 2438 μή
1120 2360 1292 2471 ἄγειν·
1358 2359 1428 2424 ὥς
1472 2357 1662 2441 ἄγοντι
1706 2358 1812 2435 μέν
1865 2361 1916 2416 οἱ

315 2447 573 2526 ἡσυχίην,
631 2474 757 2509 ουτε
807 2475 864 2508 τι
915 2449 1256 2527 προχωρέειν
1310 2447 1427 2508 οἷόν
1479 2471 1541 2506 τε
1596 2448 1755 2506 ἔσται
1808 2450 1917 2506 τῶν

315 2535 672 2617 πρηγμάτων,
710 2534 836 2596 οὔτε
880 2562 964 2600 τις
1007 2536 1207 2613 κομιδὴ
1249 2534 1317 2596 τό
1360 2535 1543 2596 ὀπίσω
1586 2534 1915 2610 φανήσεται,

316 2627 464 2702 λιμῷ
517 2624 584 2683 τέ
626 2627 680 2684 οἱ
719 2623 758 2701 ἡ
800 2623 1039 2701 στρατιὴ
1083 2624 1497 2701 διαφθαρέεται·
1554 2623 1918 2702 ἐπιχειρέοντι

317 2710 377 2770 δὲ
419 2710 564 2790 αὐτῷ
607 2713 698 2771 καὶ
752 2713 916 2793 ἔργου
959 2713 1221 2791 ἐχομένῳ,
1266 2711 1449 2771 πάντα
1494 2710 1567 2771 ταῖ
1618 2709 1759 2769 κατσῖ
1814 2708 1919 2786 τὴν

317 2797 591 2876 Εὐρώπην
619 2800 710 2860 οἷοί
733 2826 794 2861 τε
821 2801 982 2861 ἔσται
1016 2803 1427 2878 προσχωρῆσαι
1464 2798 1605 2858 κατοὶ
1631 2798 1835 2862 πόλιάς
1860 2823 1921 2858 τε

320 2887 412 2946 καὶ
448 2887 588 2948 κατοὶ
621 2888 795 2958 ἔθνεα,
821 2887 948 2964 ἤτοι
983 2886 1367 2964 ἁλισκομένων
1392 2913 1461 2968 γε
1496 2886 1535 2963 ἦ
1570 2886 1681 2964 πρό
1722 2885 1921 2947 τούτου

318 2973 754 3056 ὁμολογεόντων·
803 2975 1023 3052 τροφήν
1061 3001 1124 3036 τε
1150 2975 1302 3046 ’ἕξειν
1338 2977 1523 3051 σφέας
1548 2975 1649 3036 τᾶν
1676 2975 1921 3034 ἐπέτειον

320 3062 426 3120 αἰεὶ
459 3068 568 3123 τῶν
603 3063 894 3141 Ἑλλήνων
930 3053 1160 3142 καρπόν·
1202 3062 1358 3122 ἀλλά
1392 3063 1597 3124 δοκέειν
1631 3062 1743 3144 γὰρ
1775 3087 1921 3138 νικη-

322 3148 488 3208 θέντα
525 3155 596 3230 τῇ
635 3153 915 3232 ναυμαχίῃ
957 3152 1022 3212 οὗ
1061 3148 1273 3228 μενέειν
1315 3155 1373 3211 ἐν
1417 3155 1487 3228 τῇ
1529 3150 1770 3228 Εὐρώπῃ
1824 3146 1923 3208 τᾶν

323 3235 568 3309 Πέρσεα·
614 3243 802 3299 ἐατέον
835 3239 907 3299 ἂν
945 3238 1081 3300 εἶναι
1116 3238 1343 3320 φεύγειν
1379 3243 1434 3299 ἐς
1469 3237 1502 3296 ὃ
1534 3239 1672 3315 ἔλθῃ
1701 3235 1916 3315 φεύγωι
