2259 3500
285 124 381 171 138
849 119 1220 168 ·ΗΡοΔοΤοτ
1734 118 1883 183 [v11.

292 199 598 278 κατύπερθε
622 205 733 259 τῶν
758 199 949 260 ὅπλων
988 204 1091 260 τοῦ
1125 199 1310 260 τόνοψ
1353 199 1536 264 θέντες
1573 204 1634 259 δὲ
1673 201 1886 278 ἐπεξῆς,

293 289 529 348 ἐνθαῦτα
576 287 727 351 αὖτις
774 288 1129 369 ἐπεζεύγνυον
1143 315 1156 328 ·
1211 287 1548 364 ποιήσαντες
1593 289 1653 348 δὲ
1697 293 1888 361 ταῦτα,

288 376 433 453 ὕλην
477 376 857 453 ἐπεφόρησαν·
903 378 1095 455 κόσμῳ
1138 378 1197 435 δὲ
1235 378 1419 439 θέντες
1456 377 1548 434 καὶ
1585 376 1690 451 τὴν
1729 376 1886 453 ὕλην,

290 469 399 545 γῆν
452 464 837 542 ἐπεφόρησαν·
898 465 1296 533 κατανάξαντες
1349 464 1408 522 δὲ
1463 466 1554 522 καὶ
1605 463 1710 539 τὴν
1762 469 1887 546 γῆν,

291 552 554 632 φραγμὸν
587 552 927 629 παρείρυσαν
954 552 1104 610 ἔνθεν
1132 551 1224 609 καὶ
1251 553 1419 620 ἔνθεν,
1449 552 1536 609 ἵνα
1560 550 1640 628 μή
1671 552 1888 627 φοβέη-

290 666 382 698 ται
419 639 489 697 τοὶ
529 639 800 719 ὖποζύγια
829 639 933 715 τὴν
971 638 1276 699 θάλασσαν
1311 638 1664 715 ὑπερορῶντα
1701 640 1793 697 καὶ
1834 642 1887 699 οἱ

293 728 471 786 ἵπποι.

196 816 270 875 37
369 815 464 878 Ὡς
506 817 564 874 δὲ
603 814 674 876 τοί
712 841 775 874 τε
808 820 919 876 τῶν
942 816 1228 896 γεφυρέων
1254 814 1672 874 κατεσκεύαστο
1700 815 1792 875 καὶ
1818 815 1890 876 ταῖ

288 905 414 982 περὶ
446 904 545 964 τὸν
570 904 775 973 Ἀθων,
812 930 867 963 οι
900 931 960 964 τε
1004 904 1168 983 χυτοὶ
1209 904 1337 980 περὶ
1377 901 1448 961 τοὶ
1486 902 1746 979 στόματα
1786 908 1888 978 τῆς

290 992 569 1071 διώρυχος,
601 992 681 1072 (οἳ
705 995 804 1066 τῆς
830 993 1027 1070 ῥηχίης
1053 992 1254 1051 εἵνεκεν
1293 991 1708 1066 ἐποιήθησαν“’
1683 1018 1770 1050 ινα
1803 991 1886 1070 μὴ

287 1080 607 1155 πίμπληται
633 1078 703 1141 τοὶ
732 1078 989 1155 στόματα
1014 1084 1112 1139 τοῦ
1154 1078 1508 1160 ὄρυγματος,)
1539 1080 1630 1138 καὶ
1663 1078 1803 1156 αυτή
1846 1107 1883 1158 η

288 1167 487 1244 διώρυξ
510 1167 821 1229 παντελέως
846 1168 1191 1243 πεποιημένη
1217 1165 1481 1247 ἅγγελτο·
1511 1167 1745 1227 ἐνθαῦτα
1771 1194 1884 1247 χει-

286 1255 539 1331 μερίσας,
578 1253 696 1330 ἅμα
733 1258 810 1333 τῷ
849 1255 967 1331 ἔαρι
1006 1255 1533 1331 παρεσκευασμένος
1575 1253 1608 1314 ὅ
1645 1256 1887 1331 στρατὸς

289 1346 350 1400 ἐκ
385 1347 495 1401 τῶν
536 1342 784 1453 Σαρδίων
821 1342 1045 1419 ωρμᾶτο
1084 1347 1226 1401 ἐλῶν
1265 1347 1320 1404 ἐς
1347 1342 1620 1418 ”Αβυδον.
1705 1368 1886 1421 ωρμη-

288 1430 435 1508 μένῳ
478 1430 540 1488 δέ
581 1432 635 1488 οἱ
676 1457 707 1489 ο
750 1429 911 1506 ἥλιος
960 1430 1201 1490 ἐκλιπων
1247 1456 1351 1505 την
1399 1435 1458 1487 ἐκ
1504 1434 1603 1490 τοῦ
1651 1429 1885 1509 οὐρανοῦ

287 1518 449 1594 ἕδρην
490 1517 710 1594 οἷφανης
750 1516 835 1593 ἦν,
874 1517 987 1578 οὔτ’
1031 1520 1372 1593 ἐπινεφέλων
1417 1518 1630 1589 ἐόντων,
1673 1519 1887 1595 αἷθριης

284 1630 349 1663 τε
383 1605 455 1664 τοὶ
489 1606 761 1683 μάλιστα·
804 1605 927 1667 οἷντὶ
966 1606 1178 1684 ἡμέρης
1203 1632 1264 1666 τε
1297 1604 1404 1675 νῦξ.
1438 1605 1672 1685 ἐγένετο·
1717 1604 1888 1667 ἰδόντι

284 1692 345 1753 δὲ
388 1694 480 1753 καὶ
519 1694 755 1771 μαθόντι
796 1698 965 1756 τοῦτο
1005 1699 1083 1774 τῷ
1120 1694 1302 1774 Ξέρξῃ
1347 1696 1605 1771 ἐπιμελὲς
1649 1694 1884 1775 ἐγένετο·

286 1782 379 1840 καὶ
434 1785 606 1861 εἴρετο
658 1783 785 1846 τούς
838 1784 1051 1864 μάγους
1100 1783 1168 1843 τό
1225 1784 1384 1842 θέλοι
1435 1775 1781 1859 προφαίνειν·
1816 1777 1884 1844 τό

288 1870 529 1947 φάσμας
574 1874 626 1930 οἶ
670 1871 729 1929 δὲ
771 1872 1011 1949 ἔφραζον
1054 1870 1124 1934 ὥς
1161 1870 1417 1946 Ἕλλησι
1463 1869 1806 1947 προδεικνύει
1852 1872 1885 1932 ὅ

287 1958 411 2021 θεός
465 1960 712 2036 ἔκλειψιν
763 1963 874 2018 τῶν
926 1959 1165 2018 πολίων·
1219 1959 1479 2038 λέγοντες
1528 1957 1693 2034 ἥλιον
1747 1959 1884 2019 εἶναι

286 2044 575 2120 Ἑλλήνων
614 2045 975 2121 προδέκτορα,
1003 2044 1250 2120 σελήνην
1291 2045 1351 2102 δὲ
1391 2046 1602 2121 σφέων·
1643 2046 1884 2124 πυθόμε-

286 2158 379 2194 νος
418 2132 478 2190 δὲ
516 2136 691 2192 ταῦτα
733 2131 765 2190 ὁ
793 2132 1003 2210 Ξέρξης
1026 2133 1332 2211 περιχαρὴς
1361 2133 1462 2194 ἐῶν
1495 2134 1739 2193 ἐποιέετο
1781 2135 1886 2210 τήν

193 2221 269 2278 38
292 2220 508 2278 ἔλασιν.
588 2218 685 2282 Ὡς
729 2217 774 2276 δ’
812 2219 1077 2294 ἐξήλαυνε
1118 2220 1224 2296 τήν
1265 2221 1549 2297 στρατιὴν,
1596 2221 1808 2284 Πύθιος
1851 2229 1884 2282 ὁ

286 2305 465 2368 Λυδὰς
519 2306 945 2384 καταρρωδήσας
996 2308 1063 2367 τό
1120 2313 1181 2367 ἐκ
1232 2312 1334 2368 τοῦ
1387 2306 1620 2386 οὐρανοῦ
1677 2309 1884 2387 φάσμα

286 2395 543 2472 ἐπαρθείς
585 2421 647 2455 τε
690 2399 845 2454 τοῖσι
892 2395 1198 2474 δωρήμασι,
1249 2395 1426 2456 ε’λθών
1472 2397 1621 2474 παρά
1673 2399 1907 2475 Ξέρξεα-

285 2483 444 2562 ἔλεγε
468 2483 618 2542 τάδε·
662 2493 697 2518 “
714 2481 755 2542 ὦ
782 2483 1047 2554 δέσποτα,
1074 2484 1298 2563 χρήσας
1335 2483 1402 2544 ἄν
1440 2511 1496 2543 τι
1526 2489 1620 2545 τεῦ
1651 2487 1882 2560 βουλοί-

284 2595 399 2648 μην
423 2575 625 2649 τυχεῖν,
651 2571 718 2630 τό
746 2572 843 2632 σοὶ
868 2573 973 2649 μὲν
998 2572 1254 2679 ἐλαφρὸν
1278 2573 1540 2653 τυγχάνει
1567 2573 1658 2634 ε’ὂν
1683 2572 1884 2681 ὖπουρ·

282 2661 477 2739 γῆσαι,
532 2660 657 2735 ἐμοὶ
711 2660 769 2718 δὲ
818 2661 966 2741 μέγα
1010 2660 1328 2741 γενόμενον·
1413 2661 1624 2738 Ξέρξης
1669 2662 1729 2720 δὲ
1772 2666 1885 2723 πᾶν

283 2751 510 2824 μᾶλλον
552 2747 753 2807 δοκέων
793 2773 890 2825 μιν
933 2748 1190 2826 χρηισειν
1229 2747 1267 2824 ἢ
1308 2773 1374 2808 το
1422 2748 1632 2824 ἐδεήθη,
1671 2751 1782 2825 ἔφη
1822 2775 1886 2809 τε

282 2833 659 2915 ὑπουργήσειν
701 2837 792 2894 καὶ
828 2835 1166 2915 διαγορεύειν
1201 2835 1490 2894 ἐκέλευε
1458 2862 1584 2896 οτευ
1612 2837 1808 2897 δεοιτο·
1853 2837 1884 2897 ὁ

286 2921 397 2980 δὲ’
373 2948 490 2981 επει
516 2949 577 2981 τε
602 2928 780 2983 ταῦτα
810 2922 1036 2998 ἤκουσε,
1066 2924 1224 3004 ἔλεγε
1263 2924 1557 3000 θαρσήσας
1594 2925 1745 2983 τάδε·
1788 2936 1824 2960 “
1843 2925 1886 2984 ὦ

284 3009 549 3081 δέσποτα,
590 3011 940 3093 τυγχάνουσί
976 3037 1075 3088 μοι
1115 3010 1308 3074 παῖδες
1349 3011 1529 3075 ἐόντες
1567 3015 1750 3082 πέντε,
1795 3015 1890 3072 καί

286 3105 469 3172 σφεας
496 3099 923 3178 καταλαμβάνει
961 3098 1173 3162 πάντας
1199 3098 1316 3176 ἅμα
1342 3101 1439 3159 σοὶ
1480 3101 1886 3176 στρατεύεσθαι

288 3185 379 3242 ἐπὶ
419 3187 523 3261 τήν
556 3187 829 3248 Ἐλλάδα·
879 3186 955 3247 σι)
997 3187 1073 3257 δὲ,
1120 3186 1164 3245 ὦ
1204 3189 1474 3264 βασιλεῦ,
1520 3191 1618 3264 ἐμὲ
1661 3193 1717 3252 ἐς
1756 3189 1886 3250 τόδε

286 3268 504 3346 ἡλικίης
528 3273 735 3347 ἥκοντα
775 3276 1059 3351 οἰκτείρας,
1086 3278 1200 3334 τῶν
1223 3301 1321 3350 μοι
1348 3275 1556 3334 παίδων
1583 3276 1678 3336 ἕνα
1709 3275 1886 3355 παρά-
