2259 3500
39 3377 110 3399 μ

111 3398 186 3455 k

314 147 378 193 86
941 145 1307 195 ἩΡοΔοτοτ
1794 146 1915 210 [v1.

312 224 486 301 μένην
521 251 554 284 ο
588 224 880 301 Ἀρίστων,
921 221 1126 300 ἔμαθε
1129 224 1202 290 ὥς
1240 227 1391 286 θεῖον
1426 228 1511 301 εἴη
1550 225 1617 285 τὸ
1664 227 1915 307 πρῆγμα.

315 313 406 372 καὶ
445 316 611 373 τοῦτο
642 315 746 390 μὲν
781 314 835 372 οἱ
868 314 1145 389 στέφανοι
1187 313 1477 390 ἐφάνησαν
1508 313 1688 377 ε’όντες
1721 319 1783 373 ἐκ
1818 318 1920 376 τοῦ

312 401 516 478 ἧρωὶου
539 405 640 461 τοῦ
676 402 830 479 παραὶ
855 405 994 480 τῇσι
1023 401 1228 480 θύρῃσι
1253 406 1390 480 τῇσι
1416 401 1677 480 αὐλείῃσι
1705 402 1919 480 ἱδρυμέ-

312 515 429 550 νου·
459 489 548 570 (τό
578 491 845 550 καλέουσι
863 489 1313 570 Ἀστραβάκου·)
1338 493 1505 550 τοῦτο
1531 489 1590 548 δὲ
1617 493 1670 548 οἶ
1694 489 1918 566 μάντιες

315 578 414 638 τόν
448 577 626 640 αὐτὸν,
650 583 849 639 τοῦτον
885 577 1038 654 ἥρωα
1063 577 1318 654 ἀναίρεον
1348 577 1503 637 εἶναι.
1586 576 1731 637 οὕτω
1758 577 1845 654 δή,
1876 579 1919 638 ὦ

311 670 431 736 παῖ,
461 667 603 744 ἔχεις
633 669 746 725 πᾶν
771 665 913 726 ὅσον
937 691 993 726 τι
1020 665 1111 724 καὶ
1136 664 1379 742 βούλεαι
1404 666 1702 726 πυθέσθαι·
1742 664 1780 742 ἢ
1804 666 1916 747 γὰρ

317 758 379 813 ἐκ
404 757 504 814 τοῦ
531 753 708 830 ἥρωος
733 753 930 814 τούτου
956 754 1191 835 γέγονας
1211 754 1308 812 καί
1321 778 1410 813 τοι
1429 753 1615 830 πατήρ
1637 757 1761 814 ἐστι
1777 753 1914 815 Ἀσ-

314 841 600 919 τράβακος
635 841 666 900 ὁ
703 841 861 919 ἥρως,
901 839 938 918 ἦ
969 841 1264 918 Ἀρίστων·
1308 846 1365 901 ἐν
1400 840 1509 922 γάρ
1548 867 1618 901 σε
1652 845 1725 920 τῇ
1760 844 1915 902 νυκτὶ

311 931 486 1008 ταύτῃ
516 929 859 1006 ἀναιρέομαι.
927 932 999 1008 τῆ
1027 930 1090 989 δέ
1113 931 1217 988 σευ
1247 928 1504 1006 μάλιστα
1540 929 1913 989 κατάπτονται

313 1021 366 1076 οἶ
404 1018 612 1097 ἐχθροὶ,
650 1018 909 1097 λέγοντες
943 1017 1014 1080 ὥς
1046 1016 1213 1080 αὐτὸς
1249 1017 1281 1078 ὁ
1312 1017 1602 1094 Ἀρίστων,
1632 1016 1726 1076 ὅτε
1763 1016 1912 1097 αὐτῷ

311 1104 386 1164 σε)
440 1104 724 1185 ἠγγέλθης
763 1105 1175 1185 γέγεννημένος,
1217 1108 1451 1164 πολλῶν
1492 1102 1803 1165 ἀκουόντων
1845 1106 1910 1165 οὐ

316 1192 523 1268 φήσειέ
580 1218 650 1250 σε
707 1195 906 1251 ἑωυτοῦ
965 1191 1120 1261 εἶναι,
1166 1192 1286 1272 (τὸν
1330 1192 1536 1270 χρόνον
1590 1192 1718 1273 γὰρ,
1782 1194 1913 1256 τούς

313 1280 446 1339 δέκα
481 1283 675 1356 μῆνας,
714 1278 843 1338 οὐδέ
878 1306 954 1338 κω
993 1279 1243 1358 ἐξήκειν)
1272 1279 1491 1358 άῖδρηΐῃ
1516 1283 1627 1340 τῶν
1650 1281 1911 1340 τοιούτων

314 1371 489 1430 κεῖνος
513 1371 680 1426 τοῦτο
706 1365 978 1446 ἀπέρριψε
996 1367 1062 1427 rc}
1084 1369 1233 1431 ἔπος·
1259 1368 1511 1427 τίκτουσι
1528 1367 1639 1448 γοὶρ
1658 1373 1911 1448 γυναῖκες

315 1456 408 1515 καὶ
455 1455 757 1531 ἐννεάμηνα
810 1455 902 1514 καὶ
948 1454 1255 1532 ἑπτάμηνα,
1304 1456 1397 1516 καὶ
1442 1455 1507 1515 οὐ
1549 1459 1731 1515 πᾶσαι
1778 1456 1909 1514 δέκα

312 1547 492 1620 μῆνας
540 1543 933 1603 ἐκτελέσασαι·
979 1542 1084 1625 ἐγῶ
1116 1545 1177 1603 δὲ
1220 1547 1306 1614 σὲ,
1350 1543 1393 1602 ὦ
1434 1547 1553 1613 παῖ,
1593 1542 1910 1620 ἑπτάμηνον

313 1631 516 1692 ἔτεκον·
544 1633 682 1713 ἔγνω
702 1632 760 1691 δὲ
781 1632 874 1691 καὶ
895 1631 1058 1696 αὗτός
1079 1632 1110 1692 ὁ
1129 1632 1407 1710 Ἀρίστων
1434 1629 1499 1691 οὗ
1524 1630 1669 1707 μετοὶ
1686 1631 1909 1692 πολλὸν

310 1719 531 1800 χρόνον,
561 1719 632 1785 ὥς
655 1719 815 1801 άνοίῃ
840 1720 906 1782 τὸ
936 1721 1064 1785 ἔπος
1102 1720 1343 1797 ἐκβάλοι
1372 1722 1559 1781 τοῦτο.
1618 1717 1822 1799 λόγους
1849 1719 1909 1780 δὲ

313 1808 524 1874 ἄλλους
549 1811 678 1887 περὶ
702 1809 953 1891 γενέσιος
977 1814 1078 1885 τῆς
1104 1814 1349 1869 σεωυτοῦ
1374 1807 1456 1885 μή
1485 1807 1660 1867 δέκεο·
1701 1808 1773 1867 τιὶ
1797 1808 1908 1888 γὰρ

313 1896 677 1972 ἀληθέστατα
702 1896 886 1957 πάντα
911 1896 1172 1972 ἀκήκοας.
1235 1901 1295 1955 ἐκ
1322 1897 1381 1955 δὲ
1407 1896 1742 1973 ὀνοφορβῶν
1762 1895 1909 1974 αὐτῷ

316 2010 377 2043 τε
417 1985 728 2062 Λευτυχίδῃ
770 1984 863 2044 καὶ
901 1988 1056 2044 τοῖσι
1092 1988 1270 2044 ταῦτα
1309 1985 1546 2066 λέγουσι
1574 1986 1810 2044 τίκτοιεν
1850 1988 1909 2043 αἶ

219 2074 294 2132 70
313 2076 566 2151 γυναῖκες
599 2070 850 2145 παῖδας.”
929 2071 1003 2129 Ἡ
1046 2074 1151 2149 μὲν
1198 2071 1265 2146 δὴ
1307 2077 1482 2132 ταῦτα
1534 2073 1731 2153 ἔλεγε·
1776 2070 1809 2131 ὅ
1849 2072 1909 2131 δὲ

312 2158 624 2236 πυθόμενός
657 2185 719 2218 τε
758 2158 830 2219 τοὶ
872 2159 1145 2236 ἐβούλετο
1181 2160 1273 2220 καὶ
1308 2159 1503 2220 ἐπόδια
1536 2160 1752 2236 λαβὼν,
1781 2164 1909 2220 ἐπο-

316 2246 508 2324 ρεύετο
536 2253 590 2310 ἐς
601 2247 783 2307 Ἠλιν
802 2252 879 2327 τῷ
902 2247 1072 2328 λόγῳ,
1101 2248 1216 2324 φὰς
1240 2247 1313 2312 ὥς
1333 2253 1387 2312 ἐς
1415 2248 1680 2325 Δελφούς
1698 2247 1907 2327 χρησό-

313 2360 480 2412 μενος
494 2340 569 2414 τῷ
580 2336 902 2415 χρηστηρίῳ
917 2335 1227 2412 πορεύεται.
1253 2336 1683 2414 Λακεδαιμόνιοι
1698 2337 1758 2395 δὲ
1775 2336 1906 2395 ὕπο-

312 2423 644 2499 τοπηθέντες
672 2423 1012 2501 Δημάρητον
1047 2423 1280 2503 δρησμῷ
1304 2425 1643 2503 ἐπιχειρέειν,
1666 2424 1907 2483 ἐδίωκον·

315 2512 412 2569 καί
438 2535 542 2574 κως
575 2512 721 2587 ἔφθη
759 2517 814 2575 ἐς
849 2512 1132 2573 Ζάκυνθον
1168 2512 1433 2590 διαβιιῖςε
1402 2539 1434 2571 ο
1476 2511 1814 2588 Δημάρητος
1848 2516 1909 2569 ἐκ

317 2603 441 2707 τῆςο
425 2598 682 2663 Ἤλιδος·
704 2598 1088 2675 ἐπιδιαβάντες
1114 2599 1173 2659 δὲ
1200 2626 1254 2659 οι
1236 2598 1716 2675 ’Λακεδαιμόνιοα
1738 2598 1909 2658 αὐτοῦ

317 2711 378 2745 τε
404 2680 645 2746 ἅπτοντο
686 2687 778 2746 καὶ
810 2711 939 2750 τους
973 2687 1313 2765 θεράποντας
1346 2686 1515 2747 αὐτον
1556 2686 1911 2764 άπαιρέοντο·

313 2774 456 2851 μετοὶ
493 2775 567 2845 δὲ,
597 2802 662 2834 ου
687 2774 796 2856 γοὶρ
836 2774 1155 2843 ἐξεδίδοσαν
1186 2775 1352 2835 αὐτὸν
1386 2778 1439 2833 οἱ
1474 2775 1785 2844 Ζακύνθιοι,
1829 2779 1908 2833 ἐν·

318 2865 506 2923 θεῦτεν
520 2864 795 2940 διαβαίνει
813 2867 866 2925 ἐς
879 2861 1196 2937 τῆνἈσίην
1213 2861 1366 2939 παρὰ
1378 2863 1633 2939 βασιλέα
1650 2865 1910 2938 Δαρεῖον·

315 2950 347 3011 ὁ
375 2953 435 3011 δὲ
460 2951 760 3021 ὕπεδέξατό
783 2975 846 3010 τε
873 2948 1040 3008 αὐτὰν
1073 2951 1416 3029 μεγαλωστὶ,
1455 2950 1547 3009 καὶ
1581 2954 1691 3030 γῆν
1723 2975 1785 3010 τε
1820 2949 1913 3007 καὶ

312 3040 480 3103 πόλις
507 3041 683 3100 ἔδωκε.
725 3037 865 3098 οὕτω
885 3036 1112 3095 οἷπίκετο
1139 3041 1195 3099 ἐς
1217 3036 1323 3112 τήν
1346 3036 1549 3113 Ἀσίην
1576 3038 1914 3114 Δημάρητος

316 3128 408 3186 καὶ
446 3129 673 3208 τοιαύτῃ
712 3126 1069 3206 χρησάμενος
1099 3124 1259 3203 τύχῃ,
1296 3124 1451 3184 ἄλλα
1482 3151 1543 3184 τε
1567 3124 1911 3199 Λακεδαιμο·

315 3216 485 3276 νίοισι
503 3244 686 3297 συχνα
705 3214 924 3296 ἔργοισί
934 3237 996 3272 τε
1017 3212 1108 3271 καὶ
1123 3238 1383 3292 γνωμῃσι
1403 3209 1910 3288 ἇπολαμπρυνθεὶς,

317 3305 375 3357 ἐν
410 3303 470 3361 δὲ
503 3305 571 3379 δὴ
607 3306 698 3363 καὶ
721 3299 1082 3376 Ὀλυμπιάδα
1119 3306 1232 3376 σφι
1262 3298 1596 3375 ἀνελόμενος
1625 3295 1913 3371 τεθρίππω
