<?xml version="1.0" encoding="UTF-8"?>
<!DOCTYPE html PUBLIC "-//W3C//DTD XHTML 1.0 Transitional//EN"
    "http://www.w3.org/TR/xhtml1/DTD/xhtml1-transitional.dtd">
<html xmlns="http://www.w3.org/1999/xhtml" xml:lang="en" lang="en">
 <head>
  <title>
</title>
<meta http-equiv="Content-Type" content="text/html;charset=utf-8" />
  <meta name='ocr-system' content='tesseract 3.04.00' />
  <meta name='ocr-capabilities' content='ocr_page ocr_carea ocr_par ocr_line ocrx_word'/>
</head>
<body>
  <div class='ocr_page' id='page_1' title='image "./herodotus18herogoog_0010.png"; bbox 0 0 2259 3500; ppageno 0'>
   <div class='ocr_carea' id='block_1_1' title="bbox 165 100 1859 3342">
    <p class='ocr_par' dir='ltr' id='par_1_1' title="bbox 165 100 1859 3342">
     <span class='ocr_line' id='line_1_1' title="bbox 247 100 1844 170; baseline -0.001 -14"><span class='ocrx_word' id='word_1_1' title='bbox 247 113 283 156; x_wconf 68' lang='lat'><strong>2</strong></span> <span class='ocrx_word' id='word_1_2' title='bbox 844 100 1218 156; x_wconf 68' lang='grc' dir='ltr'>«ΗΡοΔοτοτ</span> <span class='ocrx_word' id='word_1_3' title='bbox 1750 104 1844 170; x_wconf 84' lang='lat' dir='ltr'>[v.</span> 
     </span>
     <span class='ocr_line' id='line_1_2' title="bbox 175 181 1845 266; baseline 0 -22"><span class='ocrx_word' id='word_1_4' title='bbox 175 187 212 244; x_wconf 88' lang='lat'><strong>3</strong></span> <span class='ocrx_word' id='word_1_5' title='bbox 319 184 574 262; x_wconf 82' lang='grc' dir='ltr'>Θρηΐκων</span> <span class='ocrx_word' id='word_1_6' title='bbox 599 183 659 244; x_wconf 80' lang='grc' dir='ltr'>δὲ</span> <span class='ocrx_word' id='word_1_7' title='bbox 692 183 848 248; x_wconf 81' lang='grc' dir='ltr'>ἔθνος</span> <span class='ocrx_word' id='word_1_8' title='bbox 881 183 1157 266; x_wconf 83' lang='grc' dir='ltr'>μέγιστόν</span> <span class='ocrx_word' id='word_1_9' title='bbox 1188 188 1328 254; x_wconf 87' lang='grc' dir='ltr'>ἐστι,</span> <span class='ocrx_word' id='word_1_10' title='bbox 1356 182 1500 261; x_wconf 78' lang='grc' dir='ltr'>μετά</span> <span class='ocrx_word' id='word_1_11' title='bbox 1529 208 1599 265; x_wconf 88' lang='grc' dir='ltr'>γε</span> <span class='ocrx_word' id='word_1_12' title='bbox 1621 181 1845 255; x_wconf 83' lang='grc' dir='ltr'>’Ῑνὸους,</span> 
     </span>
     <span class='ocr_line' id='line_1_3' title="bbox 240 270 1849 350; baseline -0.001 -18"><span class='ocrx_word' id='word_1_13' title='bbox 240 271 462 333; x_wconf 79' lang='grc' dir='ltr'>πάντων</span> <span class='ocrx_word' id='word_1_14' title='bbox 488 271 811 350; x_wconf 71' lang='grc' dir='ltr'>ἀνθρώπων·</span> <span class='ocrx_word' id='word_1_15' title='bbox 853 276 902 332; x_wconf 80' lang='grc' dir='ltr'>εἰ</span> <span class='ocrx_word' id='word_1_16' title='bbox 933 272 994 331; x_wconf 83' lang='grc' dir='ltr'>δὲ</span> <span class='ocrx_word' id='word_1_17' title='bbox 1017 271 1166 332; x_wconf 68' lang='lat'>‘5⁷1³‘</span> <span class='ocrx_word' id='word_1_18' title='bbox 1140 271 1261 336; x_wconf 79' lang='grc' dir='ltr'>ενός</span> <span class='ocrx_word' id='word_1_19' title='bbox 1292 270 1526 350; x_wconf 83' lang='grc' dir='ltr'>ἅρχοιτο</span> <span class='ocrx_word' id='word_1_20' title='bbox 1552 270 1590 348; x_wconf 83' lang='grc' dir='ltr'>ἢ</span> <span class='ocrx_word' id='word_1_21' title='bbox 1617 274 1849 349; x_wconf 80' lang='grc' dir='ltr'>φρονέοι</span> 
     </span>
     <span class='ocr_line' id='line_1_4' title="bbox 243 358 1848 440; baseline 0.001 -22"><span class='ocrx_word' id='word_1_22' title='bbox 243 360 384 420; x_wconf 75' lang='grc' dir='ltr'>κατα</span> <span class='ocrx_word' id='word_1_23' title='bbox 418 359 612 430; x_wconf 80' lang='grc' dir='ltr'>τωῦτό,</span> <span class='ocrx_word' id='word_1_24' title='bbox 641 360 863 440; x_wconf 78' lang='grc' dir='ltr'>ἄμαχόν</span> <span class='ocrx_word' id='word_1_25' title='bbox 895 360 943 421; x_wconf 83' lang='grc' dir='ltr'>τ’</span> <span class='ocrx_word' id='word_1_26' title='bbox 970 358 1038 420; x_wconf 77' lang='grc' dir='ltr'>ἂν</span> <span class='ocrx_word' id='word_1_27' title='bbox 1071 361 1157 436; x_wconf 78' lang='grc' dir='ltr'>εἴη</span> <span class='ocrx_word' id='word_1_28' title='bbox 1190 361 1283 418; x_wconf 85' lang='grc' dir='ltr'>καὶ</span> <span class='ocrx_word' id='word_1_29' title='bbox 1318 363 1519 438; x_wconf 77' lang='grc' dir='ltr'>πολλῷ</span> <span class='ocrx_word' id='word_1_30' title='bbox 1546 359 1848 436; x_wconf 80' lang='grc' dir='ltr'>κράτιστον</span> 
     </span>
     <span class='ocr_line' id='line_1_5' title="bbox 241 446 1847 530; baseline 0 -23"><span class='ocrx_word' id='word_1_31' title='bbox 241 448 462 509; x_wconf 78' lang='grc' dir='ltr'>πάντων</span> <span class='ocrx_word' id='word_1_32' title='bbox 502 450 717 518; x_wconf 90' lang='grc' dir='ltr'>ἐθνέων,</span> <span class='ocrx_word' id='word_1_33' title='bbox 755 475 896 509; x_wconf 88' lang='grc' dir='ltr'>κατα</span> <span class='ocrx_word' id='word_1_34' title='bbox 929 448 1157 530; x_wconf 78' lang='grc' dir='ltr'>γνώμην</span> <span class='ocrx_word' id='word_1_35' title='bbox 1194 474 1300 524; x_wconf 82' lang='grc' dir='ltr'>την</span> <span class='ocrx_word' id='word_1_36' title='bbox 1341 447 1497 524; x_wconf 88' lang='grc' dir='ltr'>ἐμήν·</span> <span class='ocrx_word' id='word_1_37' title='bbox 1541 446 1695 507; x_wconf 74' lang='grc' dir='ltr'>ἀλλὰ</span> <span class='ocrx_word' id='word_1_38' title='bbox 1736 449 1847 530; x_wconf 76' lang='grc' dir='ltr'>γὰρ</span> 
     </span>
     <span class='ocr_line' id='line_1_6' title="bbox 240 535 1845 618; baseline -0.001 -21"><span class='ocrx_word' id='word_1_39' title='bbox 240 541 406 597; x_wconf 82' lang='grc' dir='ltr'>τοῦτο</span> <span class='ocrx_word' id='word_1_40' title='bbox 439 537 654 614; x_wconf 81' lang='grc' dir='ltr'>ἄπορόν</span> <span class='ocrx_word' id='word_1_41' title='bbox 681 544 795 612; x_wconf 87' lang='grc' dir='ltr'>σφι</span> <span class='ocrx_word' id='word_1_42' title='bbox 826 537 918 596; x_wconf 80' lang='grc' dir='ltr'>καὶ</span> <span class='ocrx_word' id='word_1_43' title='bbox 933 536 1245 615; x_wconf 83' lang='grc' dir='ltr'>α’μήχανον</span> <span class='ocrx_word' id='word_1_44' title='bbox 1269 535 1352 614; x_wconf 83' lang='grc' dir='ltr'>μή</span> <span class='ocrx_word' id='word_1_45' title='bbox 1379 561 1505 596; x_wconf 87' lang='grc' dir='ltr'>κοτε</span> <span class='ocrx_word' id='word_1_46' title='bbox 1538 537 1845 618; x_wconf 84' lang='grc' dir='ltr'>ἐγγένηται,</span> 
     </span>
     <span class='ocr_line' id='line_1_7' title="bbox 243 623 1847 701; baseline 0 -17"><span class='ocrx_word' id='word_1_47' title='bbox 243 625 354 684; x_wconf 74' lang='grc' dir='ltr'>εἷο-ἶ</span> <span class='ocrx_word' id='word_1_48' title='bbox 391 624 460 701; x_wconf 87' lang='grc' dir='ltr'>δη</span> <span class='ocrx_word' id='word_1_49' title='bbox 500 651 642 685; x_wconf 85' lang='grc' dir='ltr'>κατα</span> <span class='ocrx_word' id='word_1_50' title='bbox 675 629 843 685; x_wconf 81' lang='grc' dir='ltr'>τοῦτο</span> <span class='ocrx_word' id='word_1_51' title='bbox 879 624 1153 689; x_wconf 72' lang='grc' dir='ltr'>ἀσθενέες.</span> <span class='ocrx_word' id='word_1_52' title='bbox 1228 623 1511 701; x_wconf 89' lang='grc' dir='ltr'>ουνόματα</span> <span class='ocrx_word' id='word_1_53' title='bbox 1552 625 1613 684; x_wconf 77' lang='grc' dir='ltr'>δὲ</span> <span class='ocrx_word' id='word_1_54' title='bbox 1651 625 1847 684; x_wconf 88' lang='grc' dir='ltr'>πολλα</span> 
     </span>
     <span class='ocr_line' id='line_1_8' title="bbox 241 709 1847 794; baseline 0 -22"><span class='ocrx_word' id='word_1_55' title='bbox 241 713 437 792; x_wconf 82' lang='grc' dir='ltr'>ἔχουσι</span> <span class='ocrx_word' id='word_1_56' title='bbox 470 739 611 773; x_wconf 89' lang='grc' dir='ltr'>κατα</span> <span class='ocrx_word' id='word_1_57' title='bbox 636 714 822 794; x_wconf 80' lang='grc' dir='ltr'>χώρας</span> <span class='ocrx_word' id='word_1_58' title='bbox 850 713 1096 774; x_wconf 74' lang='grc' dir='ltr'>ἕκαστον</span> <span class='ocrx_word' id='word_1_59' title='bbox 1138 711 1368 790; x_wconf 87' lang='grc' dir='ltr'>νόμοισι</span> <span class='ocrx_word' id='word_1_60' title='bbox 1401 713 1461 772; x_wconf 81' lang='grc' dir='ltr'>δὲ</span> <span class='ocrx_word' id='word_1_61' title='bbox 1488 709 1644 773; x_wconf 77' lang='grc' dir='ltr'>οὗτοι</span> <span class='ocrx_word' id='word_1_62' title='bbox 1669 739 1847 792; x_wconf 85' lang='grc' dir='ltr'>παρα-</span> 
     </span>
     <span class='ocr_line' id='line_1_9' title="bbox 238 799 1846 880; baseline 0.001 -21"><span class='ocrx_word' id='word_1_63' title='bbox 238 801 545 876; x_wconf 80' lang='grc' dir='ltr'>πλησίοισι</span> <span class='ocrx_word' id='word_1_64' title='bbox 562 800 766 864; x_wconf 80' lang='grc' dir='ltr'>πάντες</span> <span class='ocrx_word' id='word_1_65' title='bbox 785 802 1054 880; x_wconf 86' lang='grc' dir='ltr'>χρέωνται</span> <span class='ocrx_word' id='word_1_66' title='bbox 1075 799 1218 860; x_wconf 69' lang='grc' dir='ltr'>κατοῖ</span> <span class='ocrx_word' id='word_1_67' title='bbox 1236 801 1438 869; x_wconf 78' lang='grc' dir='ltr'>πάντα,</span> <span class='ocrx_word' id='word_1_68' title='bbox 1460 800 1615 876; x_wconf 75' lang='grc' dir='ltr'>πλὴν</span> <span class='ocrx_word' id='word_1_69' title='bbox 1635 802 1846 861; x_wconf 79' lang='grc' dir='ltr'>Γετέων</span> 
     </span>
     <span class='ocr_line' id='line_1_10' title="bbox 242 888 1845 966; baseline 0.002 -20"><span class='ocrx_word' id='word_1_70' title='bbox 242 889 334 947; x_wconf 86' lang='grc' dir='ltr'>καὶ</span> <span class='ocrx_word' id='word_1_71' title='bbox 359 893 633 966; x_wconf 81' lang='grc' dir='ltr'>Τραυσῶν</span> <span class='ocrx_word' id='word_1_72' title='bbox 658 889 752 949; x_wconf 79' lang='grc' dir='ltr'>καὶ</span> <span class='ocrx_word' id='word_1_73' title='bbox 781 893 892 949; x_wconf 77' lang='grc' dir='ltr'>τῶν</span> <span class='ocrx_word' id='word_1_74' title='bbox 920 888 1229 966; x_wconf 79' lang='grc' dir='ltr'>κατύπερθε</span> <span class='ocrx_word' id='word_1_75' title='bbox 1263 889 1679 965; x_wconf 74' lang='grc' dir='ltr'>Κρηστωναίων</span> <span class='ocrx_word' id='word_1_76' title='bbox 1706 893 1845 949; x_wconf 83' lang='grc' dir='ltr'>οἰκε-</span> 
     </span>
     <span class='ocr_line' id='line_1_11' title="bbox 172 975 1859 1053; baseline 0.001 -18"><span class='ocrx_word' id='word_1_77' title='bbox 172 980 208 1035; x_wconf 85' lang='grc'>4</span> <span class='ocrx_word' id='word_1_78' title='bbox 235 975 426 1037; x_wconf 89' lang='grc' dir='ltr'>όντων.</span> <span class='ocrx_word' id='word_1_79' title='bbox 508 976 729 1038; x_wconf 77' lang='grc' dir='ltr'>Τούτων</span> <span class='ocrx_word' id='word_1_80' title='bbox 769 977 828 1036; x_wconf 81' lang='grc' dir='ltr'>δὲ</span> <span class='ocrx_word' id='word_1_81' title='bbox 868 977 940 1037; x_wconf 67' lang='grc' dir='ltr'>τοῖ</span> <span class='ocrx_word' id='word_1_82' title='bbox 979 979 1083 1053; x_wconf 78' lang='grc' dir='ltr'>μὲν</span> <span class='ocrx_word' id='word_1_83' title='bbox 1122 977 1291 1036; x_wconf 90' lang='grc' dir='ltr'>Γέται</span> <span class='ocrx_word' id='word_1_84' title='bbox 1332 979 1385 1035; x_wconf 75' lang='grc' dir='ltr'>οἱ</span> <span class='ocrx_word' id='word_1_85' title='bbox 1425 975 1859 1048; x_wconf 62' lang='grc' dir='ltr'>ἀθανατίζοντες</span> 
     </span>
     <span class='ocr_line' id='line_1_12' title="bbox 240 1063 1844 1145; baseline 0.001 -23"><span class='ocrx_word' id='word_1_86' title='bbox 240 1068 481 1145; x_wconf 73' lang='grc' dir='ltr'>ποιεῦσι,</span> <span class='ocrx_word' id='word_1_87' title='bbox 506 1065 722 1141; x_wconf 81' lang='grc' dir='ltr'>εἴρηταί</span> <span class='ocrx_word' id='word_1_88' title='bbox 741 1089 860 1141; x_wconf 85' lang='grc' dir='ltr'>μοι.</span> <span class='ocrx_word' id='word_1_89' title='bbox 916 1064 1166 1141; x_wconf 81' lang='grc' dir='ltr'>Τραυσοὶ</span> <span class='ocrx_word' id='word_1_90' title='bbox 1186 1064 1246 1123; x_wconf 79' lang='grc' dir='ltr'>δὲ</span> <span class='ocrx_word' id='word_1_91' title='bbox 1264 1064 1336 1124; x_wconf 69' lang='grc' dir='ltr'><em>τοῖ</em></span> <span class='ocrx_word' id='word_1_92' title='bbox 1361 1065 1465 1141; x_wconf 77' lang='grc' dir='ltr'>μὲν</span> <span class='ocrx_word' id='word_1_93' title='bbox 1484 1063 1641 1123; x_wconf 72' lang='grc' dir='ltr'>ἄλλα.</span> <span class='ocrx_word' id='word_1_94' title='bbox 1660 1064 1844 1124; x_wconf 77' lang='grc' dir='ltr'>πάντα</span> 
     </span>
     <span class='ocr_line' id='line_1_13' title="bbox 241 1147 1843 1229; baseline 0.002 -20"><span class='ocrx_word' id='word_1_95' title='bbox 241 1152 382 1212; x_wconf 63' lang='grc' dir='ltr'>καταῖ</span> <span class='ocrx_word' id='word_1_96' title='bbox 412 1151 587 1213; x_wconf 67' lang='grc' dir='ltr'>ταῦτα</span> <span class='ocrx_word' id='word_1_97' title='bbox 619 1156 771 1212; x_wconf 85' lang='grc' dir='ltr'>τοῖσι</span> <span class='ocrx_word' id='word_1_98' title='bbox 809 1151 1046 1211; x_wconf 75' lang='grc' dir='ltr'>ἄλλοισι</span> <span class='ocrx_word' id='word_1_99' title='bbox 1081 1152 1258 1229; x_wconf 80' lang='grc' dir='ltr'>Θρῃξὶ</span> <span class='ocrx_word' id='word_1_100' title='bbox 1298 1152 1667 1222; x_wconf 88' lang='grc' dir='ltr'>ἐπιτελέουσι,</span> <span class='ocrx_word' id='word_1_101' title='bbox 1702 1147 1843 1212; x_wconf 62' lang='grc' dir='ltr'>κατὰ</span> 
     </span>
     <span class='ocr_line' id='line_1_14' title="bbox 240 1239 1842 1321; baseline 0.001 -23"><span class='ocrx_word' id='word_1_102' title='bbox 240 1239 301 1298; x_wconf 79' lang='grc' dir='ltr'>δὲ</span> <span class='ocrx_word' id='word_1_103' title='bbox 351 1239 453 1300; x_wconf 82' lang='grc' dir='ltr'>τόν</span> <span class='ocrx_word' id='word_1_104' title='bbox 502 1240 797 1321; x_wconf 87' lang='grc' dir='ltr'>γινόμενόν</span> <span class='ocrx_word' id='word_1_105' title='bbox 849 1246 962 1315; x_wconf 89' lang='grc' dir='ltr'>σφι</span> <span class='ocrx_word' id='word_1_106' title='bbox 1013 1240 1106 1299; x_wconf 79' lang='grc' dir='ltr'>καὶ</span> <span class='ocrx_word' id='word_1_107' title='bbox 1161 1239 1566 1320; x_wconf 74' lang='grc' dir='ltr'>ἀπογινόμενον</span> <span class='ocrx_word' id='word_1_108' title='bbox 1618 1245 1842 1300; x_wconf 82' lang='grc' dir='ltr'>ποιεῦσι</span> 
     </span>
     <span class='ocr_line' id='line_1_15' title="bbox 237 1325 1841 1408; baseline 0 -22"><span class='ocrx_word' id='word_1_109' title='bbox 237 1327 443 1387; x_wconf 77' lang='grc' dir='ltr'>τοιάδε·</span> <span class='ocrx_word' id='word_1_110' title='bbox 491 1327 590 1388; x_wconf 80' lang='grc' dir='ltr'>τὰν</span> <span class='ocrx_word' id='word_1_111' title='bbox 630 1330 734 1405; x_wconf 78' lang='grc' dir='ltr'>μὲν</span> <span class='ocrx_word' id='word_1_112' title='bbox 773 1326 1073 1408; x_wconf 84' lang='grc' dir='ltr'>γενόμενον</span> <span class='ocrx_word' id='word_1_113' title='bbox 1114 1325 1489 1402; x_wconf 83' lang='grc' dir='ltr'>περιῖζόμενοι</span> <span class='ocrx_word' id='word_1_114' title='bbox 1531 1329 1583 1385; x_wconf 83' lang='grc' dir='ltr'>οἶ</span> <span class='ocrx_word' id='word_1_115' title='bbox 1624 1327 1841 1405; x_wconf 81' lang='grc' dir='ltr'>προσή-</span> 
     </span>
     <span class='ocr_line' id='line_1_16' title="bbox 240 1413 1842 1495; baseline 0.001 -22"><span class='ocrx_word' id='word_1_116' title='bbox 240 1440 425 1480; x_wconf 87' lang='grc' dir='ltr'>κοντες</span> <span class='ocrx_word' id='word_1_117' title='bbox 473 1414 868 1492; x_wconf 81' lang='grc' dir='ltr'>ὀλοφύρονται,</span> <span class='ocrx_word' id='word_1_118' title='bbox 918 1415 1030 1475; x_wconf 83' lang='grc' dir='ltr'>ὅσα</span> <span class='ocrx_word' id='word_1_119' title='bbox 1074 1439 1173 1491; x_wconf 91' lang='grc' dir='ltr'>μιν</span> <span class='ocrx_word' id='word_1_120' title='bbox 1220 1413 1305 1473; x_wconf 76' lang='grc' dir='ltr'>δεῖ</span> <span class='ocrx_word' id='word_1_121' title='bbox 1350 1414 1475 1472; x_wconf 81' lang='grc' dir='ltr'>ἐπεί</span> <span class='ocrx_word' id='word_1_122' title='bbox 1512 1438 1575 1473; x_wconf 86' lang='grc' dir='ltr'>τε</span> <span class='ocrx_word' id='word_1_123' title='bbox 1622 1415 1842 1495; x_wconf 87' lang='grc' dir='ltr'>ἐγένετο</span> 
     </span>
     <span class='ocr_line' id='line_1_17' title="bbox 237 1499 1843 1612; baseline 0.001 -50"><span class='ocrx_word' id='word_1_124' title='bbox 237 1502 567 1580; x_wconf 85' lang='grc' dir='ltr'>α’ναπλῆσαι</span> <span class='ocrx_word' id='word_1_125' title='bbox 601 1503 759 1574; x_wconf 73' lang='grc' dir='ltr'>κακοὶ,</span> <span class='ocrx_word' id='word_1_126' title='bbox 791 1502 1156 1612; x_wconf 71' lang='grc' dir='ltr'>ἀνηγεόμενοι</span> <span class='ocrx_word' id='word_1_127' title='bbox 1195 1501 1267 1561; x_wconf 81' lang='grc' dir='ltr'>τοὶ</span> <span class='ocrx_word' id='word_1_128' title='bbox 1308 1499 1629 1578; x_wconf 71' lang='grc' dir='ltr'>ἀνθρωπήϊα</span> <span class='ocrx_word' id='word_1_129' title='bbox 1658 1501 1843 1563; x_wconf 76' lang='grc' dir='ltr'>πάντα</span> 
     </span>
     <span class='ocr_line' id='line_1_18' title="bbox 235 1589 1841 1673; baseline 0.002 -25"><span class='ocrx_word' id='word_1_130' title='bbox 235 1591 439 1652; x_wconf 79' lang='grc' dir='ltr'>πάθεα·</span> <span class='ocrx_word' id='word_1_131' title='bbox 464 1591 565 1653; x_wconf 84' lang='grc' dir='ltr'>τόν</span> <span class='ocrx_word' id='word_1_132' title='bbox 647 1590 1061 1673; x_wconf 71' lang='grc' dir='ltr'>ἀπογενόμενον</span> <span class='ocrx_word' id='word_1_133' title='bbox 1079 1589 1369 1661; x_wconf 81' lang='grc' dir='ltr'>παίζοντές</span> <span class='ocrx_word' id='word_1_134' title='bbox 1385 1614 1448 1649; x_wconf 85' lang='grc' dir='ltr'>τε</span> <span class='ocrx_word' id='word_1_135' title='bbox 1469 1589 1560 1648; x_wconf 85' lang='grc' dir='ltr'>καὶ</span> <span class='ocrx_word' id='word_1_136' title='bbox 1580 1589 1841 1668; x_wconf 79' lang='grc' dir='ltr'>ἡδόμενοι</span> 
     </span>
     <span class='ocr_line' id='line_1_19' title="bbox 235 1677 1840 1789; baseline 0 -51"><span class='ocrx_word' id='word_1_137' title='bbox 235 1682 314 1761; x_wconf 84' lang='grc' dir='ltr'>γῇ</span> <span class='ocrx_word' id='word_1_138' title='bbox 349 1679 670 1759; x_wconf 72' lang='grc' dir='ltr'>κρύπτουσι,</span> <span class='ocrx_word' id='word_1_139' title='bbox 700 1677 1115 1789; x_wconf 74' lang='grc' dir='ltr'>ἐπιλέγοντες</span> <span class='ocrx_word' id='word_1_140' title='bbox 1083 1703 1235 1738; x_wconf 88' lang='grc' dir='ltr'>οσων</span> <span class='ocrx_word' id='word_1_141' title='bbox 1269 1681 1450 1736; x_wconf 78' lang='grc' dir='ltr'>κακῶν</span> <span class='ocrx_word' id='word_1_142' title='bbox 1484 1677 1840 1759; x_wconf 78' lang='grc' dir='ltr'>ἐξαπαλλαχ-</span> 
     </span>
     <span class='ocr_line' id='line_1_20' title="bbox 167 1766 1841 1846; baseline 0.001 -21"><span class='ocrx_word' id='word_1_143' title='bbox 167 1769 204 1825; x_wconf 84' lang='grc'><strong><em>5</em></strong></span> <span class='ocrx_word' id='word_1_144' title='bbox 232 1768 346 1832; x_wconf 85' lang='grc' dir='ltr'>θεις</span> <span class='ocrx_word' id='word_1_145' title='bbox 393 1771 515 1830; x_wconf 83' lang='grc' dir='ltr'>ἔστι</span> <span class='ocrx_word' id='word_1_146' title='bbox 561 1774 620 1828; x_wconf 84' lang='grc' dir='ltr'>ἐν</span> <span class='ocrx_word' id='word_1_147' title='bbox 665 1794 826 1846; x_wconf 84' lang='grc' dir='ltr'>πασῃ</span> <span class='ocrx_word' id='word_1_148' title='bbox 875 1767 1215 1845; x_wconf 86' lang='grc' dir='ltr'>ευδαιμονίῃ.</span> <span class='ocrx_word' id='word_1_149' title='bbox 1299 1769 1373 1826; x_wconf 82' lang='grc' dir='ltr'>Οἶ</span> <span class='ocrx_word' id='word_1_150' title='bbox 1420 1766 1479 1825; x_wconf 83' lang='grc' dir='ltr'>δε</span> <span class='ocrx_word' id='word_1_151' title='bbox 1532 1766 1841 1844; x_wconf 86' lang='grc' dir='ltr'>κατυπερθε</span> 
     </span>
     <span class='ocr_line' id='line_1_21' title="bbox 236 1854 1842 1934; baseline 0 -21"><span class='ocrx_word' id='word_1_152' title='bbox 236 1857 664 1933; x_wconf 71' lang='grc' dir='ltr'>Κρηστωναίων</span> <span class='ocrx_word' id='word_1_153' title='bbox 675 1859 900 1915; x_wconf 80' lang='grc' dir='ltr'>ποιεῦσι</span> <span class='ocrx_word' id='word_1_154' title='bbox 929 1854 1134 1915; x_wconf 81' lang='grc' dir='ltr'>τοιάδε·</span> <span class='ocrx_word' id='word_1_155' title='bbox 1178 1855 1291 1933; x_wconf 83' lang='grc' dir='ltr'>ἔχει</span> <span class='ocrx_word' id='word_1_156' title='bbox 1314 1858 1579 1934; x_wconf 85' lang='grc' dir='ltr'>γυναῖκας</span> <span class='ocrx_word' id='word_1_157' title='bbox 1606 1854 1842 1919; x_wconf 76' lang='grc' dir='ltr'>ἕκαστος</span> 
     </span>
     <span class='ocr_line' id='line_1_22' title="bbox 235 1940 1841 2022; baseline 0.001 -23"><span class='ocrx_word' id='word_1_158' title='bbox 235 1942 478 2005; x_wconf 80' lang='grc' dir='ltr'>πολλας·</span> <span class='ocrx_word' id='word_1_159' title='bbox 515 1942 682 2001; x_wconf 87' lang='grc' dir='ltr'>ἐπεαν</span> <span class='ocrx_word' id='word_1_160' title='bbox 702 1941 777 2001; x_wconf 79' lang='grc' dir='ltr'>ὧν</span> <span class='ocrx_word' id='word_1_161' title='bbox 801 1967 886 2004; x_wconf 89' lang='grc' dir='ltr'>τις</span> <span class='ocrx_word' id='word_1_162' title='bbox 913 1940 1093 2000; x_wconf 82' lang='grc' dir='ltr'>αὐτῶν</span> <span class='ocrx_word' id='word_1_163' title='bbox 1113 1940 1387 2019; x_wconf 83' lang='grc' dir='ltr'>α’ποθανῃ,</span> <span class='ocrx_word' id='word_1_164' title='bbox 1420 1942 1603 2019; x_wconf 87' lang='grc' dir='ltr'>κρίσις</span> <span class='ocrx_word' id='word_1_165' title='bbox 1626 1942 1841 2022; x_wconf 85' lang='grc' dir='ltr'>γίνεται</span> 
     </span>
     <span class='ocr_line' id='line_1_23' title="bbox 233 2027 1841 2109; baseline 0.001 -21"><span class='ocrx_word' id='word_1_166' title='bbox 233 2029 459 2109; x_wconf 86' lang='grc' dir='ltr'>μεγαλη</span> <span class='ocrx_word' id='word_1_167' title='bbox 499 2034 609 2089; x_wconf 81' lang='grc' dir='ltr'>τῶν</span> <span class='ocrx_word' id='word_1_168' title='bbox 649 2033 922 2109; x_wconf 80' lang='grc' dir='ltr'>γυναικῶν</span> <span class='ocrx_word' id='word_1_169' title='bbox 964 2027 1054 2087; x_wconf 81' lang='grc' dir='ltr'>καὶ</span> <span class='ocrx_word' id='word_1_170' title='bbox 1097 2029 1282 2103; x_wconf 62' lang='grc' dir='ltr'>φιλων</span> <span class='ocrx_word' id='word_1_171' title='bbox 1323 2030 1568 2089; x_wconf 83' lang='grc' dir='ltr'>σπουδαὶ</span> <span class='ocrx_word' id='word_1_172' title='bbox 1611 2031 1841 2108; x_wconf 82' lang='grc' dir='ltr'>ἰσχυραὶ</span> 
     </span>
     <span class='ocr_line' id='line_1_24' title="bbox 233 2115 1840 2228; baseline 0.001 -53"><span class='ocrx_word' id='word_1_173' title='bbox 233 2117 364 2193; x_wconf 78' lang='grc' dir='ltr'>περὶ</span> <span class='ocrx_word' id='word_1_174' title='bbox 397 2117 574 2187; x_wconf 77' lang='grc' dir='ltr'>τοῦδε,</span> <span class='ocrx_word' id='word_1_175' title='bbox 601 2115 726 2193; x_wconf 87' lang='grc' dir='ltr'>ἥτις</span> <span class='ocrx_word' id='word_1_176' title='bbox 762 2116 969 2177; x_wconf 87' lang='grc' dir='ltr'>αυτέων</span> <span class='ocrx_word' id='word_1_177' title='bbox 1005 2117 1265 2228; x_wconf 81' lang='grc' dir='ltr'>ἐφιλέετο</span> <span class='ocrx_word' id='word_1_178' title='bbox 1299 2116 1557 2193; x_wconf 84' lang='grc' dir='ltr'>μαλιστα</span> <span class='ocrx_word' id='word_1_179' title='bbox 1588 2116 1699 2177; x_wconf 75' lang='grc' dir='ltr'>ὖπό</span> <span class='ocrx_word' id='word_1_180' title='bbox 1739 2122 1840 2177; x_wconf 80' lang='grc' dir='ltr'>τοῦ</span> 
     </span>
     <span class='ocr_line' id='line_1_25' title="bbox 233 2202 1841 2286; baseline 0 -23"><span class='ocrx_word' id='word_1_181' title='bbox 233 2204 448 2281; x_wconf 74' lang='grc' dir='ltr'>ἀνδρός·</span> <span class='ocrx_word' id='word_1_182' title='bbox 489 2204 529 2281; x_wconf 82' lang='grc' dir='ltr'>ἥ</span> <span class='ocrx_word' id='word_1_183' title='bbox 569 2202 692 2263; x_wconf 82' lang='grc' dir='ltr'>δ’</span> <span class='ocrx_word' id='word_1_184' title='bbox 657 2230 727 2265; x_wconf 92' lang='grc' dir='ltr'>αν</span> <span class='ocrx_word' id='word_1_185' title='bbox 768 2205 931 2284; x_wconf 81' lang='grc' dir='ltr'>κριθῇ</span> <span class='ocrx_word' id='word_1_186' title='bbox 973 2206 1066 2265; x_wconf 82' lang='grc' dir='ltr'>καὶ</span> <span class='ocrx_word' id='word_1_187' title='bbox 1111 2206 1338 2283; x_wconf 89' lang='grc' dir='ltr'>τιμηθῇ,</span> <span class='ocrx_word' id='word_1_188' title='bbox 1385 2205 1841 2286; x_wconf 80' lang='grc' dir='ltr'>ἐγκωμιασθεῖσα</span> 
     </span>
     <span class='ocr_line' id='line_1_26' title="bbox 231 2290 1841 2374; baseline 0.001 -23"><span class='ocrx_word' id='word_1_189' title='bbox 231 2290 344 2351; x_wconf 77' lang='grc' dir='ltr'>ὖπό</span> <span class='ocrx_word' id='word_1_190' title='bbox 374 2316 436 2352; x_wconf 87' lang='grc' dir='ltr'>τε</span> <span class='ocrx_word' id='word_1_191' title='bbox 467 2293 683 2371; x_wconf 80' lang='grc' dir='ltr'>α’νδρῶν</span> <span class='ocrx_word' id='word_1_192' title='bbox 711 2293 802 2351; x_wconf 83' lang='grc' dir='ltr'>καὶ</span> <span class='ocrx_word' id='word_1_193' title='bbox 827 2296 1099 2374; x_wconf 79' lang='grc' dir='ltr'>γυναικῶν</span> <span class='ocrx_word' id='word_1_194' title='bbox 1124 2291 1408 2368; x_wconf 76' lang='grc' dir='ltr'>σφάζεται</span> <span class='ocrx_word' id='word_1_195' title='bbox 1434 2297 1491 2354; x_wconf 86' lang='grc' dir='ltr'>ἐς</span> <span class='ocrx_word' id='word_1_196' title='bbox 1518 2291 1619 2351; x_wconf 71' lang='grc' dir='ltr'>τὸν</span> <span class='ocrx_word' id='word_1_197' title='bbox 1654 2291 1841 2368; x_wconf 79' lang='grc' dir='ltr'>τάφον</span> 
     </span>
     <span class='ocr_line' id='line_1_27' title="bbox 232 2378 1836 2459; baseline 0.001 -20"><span class='ocrx_word' id='word_1_198' title='bbox 232 2378 343 2440; x_wconf 57' lang='lat' dir='ltr'>dard</span> <span class='ocrx_word' id='word_1_199' title='bbox 373 2384 478 2439; x_wconf 78' lang='grc' dir='ltr'>τοῦ</span> <span class='ocrx_word' id='word_1_200' title='bbox 506 2379 854 2457; x_wconf 79' lang='grc' dir='ltr'>οἰκηῖοτάτου</span> <span class='ocrx_word' id='word_1_201' title='bbox 887 2384 1103 2456; x_wconf 81' lang='grc' dir='ltr'>ἑωυτῆς,</span> <span class='ocrx_word' id='word_1_202' title='bbox 1134 2381 1471 2459; x_wconf 86' lang='grc' dir='ltr'>σφαχθεῖσα</span> <span class='ocrx_word' id='word_1_203' title='bbox 1496 2381 1558 2440; x_wconf 76' lang='grc' dir='ltr'>δὲ</span> <span class='ocrx_word' id='word_1_204' title='bbox 1588 2381 1836 2441; x_wconf 79' lang='grc' dir='ltr'>συνθάπ-</span> 
     </span>
     <span class='ocr_line' id='line_1_28' title="bbox 231 2468 1841 2550; baseline 0 -23"><span class='ocrx_word' id='word_1_205' title='bbox 231 2491 386 2527; x_wconf 84' lang='grc' dir='ltr'>τεται</span> <span class='ocrx_word' id='word_1_206' title='bbox 436 2473 513 2547; x_wconf 75' lang='grc' dir='ltr'>τῷ</span> <span class='ocrx_word' id='word_1_207' title='bbox 558 2468 732 2547; x_wconf 75' lang='grc' dir='ltr'>ἀνδρί·</span> <span class='ocrx_word' id='word_1_208' title='bbox 789 2471 848 2528; x_wconf 75' lang='grc' dir='ltr'>αἱ</span> <span class='ocrx_word' id='word_1_209' title='bbox 899 2468 958 2528; x_wconf 79' lang='grc' dir='ltr'>δὲ</span> <span class='ocrx_word' id='word_1_210' title='bbox 1003 2468 1181 2527; x_wconf 74' lang='grc' dir='ltr'>ἄλλαι</span> <span class='ocrx_word' id='word_1_211' title='bbox 1229 2468 1537 2545; x_wconf 74' lang='grc' dir='ltr'>συμφορὴν</span> <span class='ocrx_word' id='word_1_212' title='bbox 1582 2468 1841 2550; x_wconf 78' lang='grc' dir='ltr'>μεγάλην</span> 
     </span>
     <span class='ocr_line' id='line_1_29' title="bbox 231 2555 1811 2638; baseline -0.001 -24"><span class='ocrx_word' id='word_1_213' title='bbox 231 2559 534 2615; x_wconf 84' lang='grc' dir='ltr'>ποιεῦνται·</span> <span class='ocrx_word' id='word_1_214' title='bbox 576 2555 783 2620; x_wconf 80' lang='grc' dir='ltr'>ὄνειδος</span> <span class='ocrx_word' id='word_1_215' title='bbox 807 2556 919 2638; x_wconf 79' lang='grc' dir='ltr'>γάρ</span> <span class='ocrx_word' id='word_1_216' title='bbox 947 2562 1061 2631; x_wconf 91' lang='grc' dir='ltr'>σφι</span> <span class='ocrx_word' id='word_1_217' title='bbox 1085 2560 1255 2615; x_wconf 75' lang='grc' dir='ltr'>τοῦτο</span> <span class='ocrx_word' id='word_1_218' title='bbox 1280 2556 1555 2636; x_wconf 90' lang='grc' dir='ltr'>μέγιστον</span> <span class='ocrx_word' id='word_1_219' title='bbox 1580 2557 1811 2636; x_wconf 86' lang='grc' dir='ltr'>γίνεται.</span> 
     </span>
     <span class='ocr_line' id='line_1_30' title="bbox 165 2641 1838 2721; baseline -0.001 -20"><span class='ocrx_word' id='word_1_220' title='bbox 165 2644 200 2701; x_wconf 87' lang='grc'>6</span> <span class='ocrx_word' id='word_1_221' title='bbox 311 2646 434 2703; x_wconf 77' lang='grc' dir='ltr'>Τῶν</span> <span class='ocrx_word' id='word_1_222' title='bbox 466 2644 526 2703; x_wconf 81' lang='grc' dir='ltr'>δὲ</span> <span class='ocrx_word' id='word_1_223' title='bbox 557 2642 625 2719; x_wconf 77' lang='grc' dir='ltr'>δή</span> <span class='ocrx_word' id='word_1_224' title='bbox 653 2642 846 2704; x_wconf 77' lang='grc' dir='ltr'>ἄλλων</span> <span class='ocrx_word' id='word_1_225' title='bbox 871 2644 1123 2721; x_wconf 81' lang='grc' dir='ltr'>Θρηΐκων</span> <span class='ocrx_word' id='word_1_226' title='bbox 1152 2644 1277 2702; x_wconf 86' lang='grc' dir='ltr'>ἐστὶ</span> <span class='ocrx_word' id='word_1_227' title='bbox 1308 2642 1403 2702; x_wconf 84' lang='grc' dir='ltr'>ὅδε</span> <span class='ocrx_word' id='word_1_228' title='bbox 1434 2641 1467 2701; x_wconf 81' lang='grc' dir='ltr'>ὁ</span> <span class='ocrx_word' id='word_1_229' title='bbox 1499 2642 1687 2718; x_wconf 86' lang='grc' dir='ltr'>νόμος·</span> <span class='ocrx_word' id='word_1_230' title='bbox 1726 2668 1838 2700; x_wconf 83' lang='grc' dir='ltr'>πω·</span> 
     </span>
     <span class='ocr_line' id='line_1_31' title="bbox 231 2728 1838 2811; baseline -0.001 -23"><span class='ocrx_word' id='word_1_231' title='bbox 231 2734 397 2789; x_wconf 85' lang='grc' dir='ltr'>λεῦσι</span> <span class='ocrx_word' id='word_1_232' title='bbox 435 2731 507 2791; x_wconf 81' lang='grc' dir='ltr'>τοὶ</span> <span class='ocrx_word' id='word_1_233' title='bbox 541 2731 708 2791; x_wconf 87' lang='grc' dir='ltr'>τέκνα</span> <span class='ocrx_word' id='word_1_234' title='bbox 747 2730 830 2790; x_wconf 84' lang='grc' dir='ltr'>ἐπ’</span> <span class='ocrx_word' id='word_1_235' title='bbox 866 2731 1141 2811; x_wconf 78' lang='grc' dir='ltr'>ἐξαγωγῇ·</span> <span class='ocrx_word' id='word_1_236' title='bbox 1182 2729 1284 2793; x_wconf 80' lang='grc' dir='ltr'>τοὶς</span> <span class='ocrx_word' id='word_1_237' title='bbox 1323 2730 1383 2789; x_wconf 80' lang='grc' dir='ltr'>δὲ</span> <span class='ocrx_word' id='word_1_238' title='bbox 1422 2729 1731 2806; x_wconf 86' lang='grc' dir='ltr'>παρθένους</span> <span class='ocrx_word' id='word_1_239' title='bbox 1772 2728 1838 2788; x_wconf 79' lang='grc' dir='ltr'>οὖ</span> 
     </span>
     <span class='ocr_line' id='line_1_32' title="bbox 232 2814 1838 2895; baseline 0 -18"><span class='ocrx_word' id='word_1_240' title='bbox 232 2818 607 2895; x_wconf 77' lang='grc' dir='ltr'>φυλάσσουσι</span> <span class='ocrx_word' id='word_1_241' title='bbox 634 2818 766 2879; x_wconf 71' lang='grc' dir='ltr'>ἀλλ’</span> <span class='ocrx_word' id='word_1_242' title='bbox 787 2822 922 2879; x_wconf 80' lang='grc' dir='ltr'>ἐῶσι</span> <span class='ocrx_word' id='word_1_243' title='bbox 944 2819 1061 2879; x_wconf 77' lang='grc' dir='ltr'>οἶσι</span> <span class='ocrx_word' id='word_1_244' title='bbox 1081 2818 1243 2879; x_wconf 74' lang='grc' dir='ltr'>αὐταὶ</span> <span class='ocrx_word' id='word_1_245' title='bbox 1268 2817 1581 2895; x_wconf 81' lang='grc' dir='ltr'>βούλονται</span> <span class='ocrx_word' id='word_1_246' title='bbox 1601 2814 1838 2895; x_wconf 72' lang='grc' dir='ltr'>ἀνδράσι</span> 
     </span>
     <span class='ocr_line' id='line_1_33' title="bbox 229 2904 1835 2989; baseline -0.001 -24"><span class='ocrx_word' id='word_1_247' title='bbox 229 2906 558 2989; x_wconf 85' lang='grc' dir='ltr'>μίσγεσθαι,</span> <span class='ocrx_word' id='word_1_248' title='bbox 599 2906 702 2972; x_wconf 73' lang='grc' dir='ltr'>τὰς</span> <span class='ocrx_word' id='word_1_249' title='bbox 742 2907 801 2967; x_wconf 81' lang='grc' dir='ltr'>δὲ</span> <span class='ocrx_word' id='word_1_250' title='bbox 840 2909 1104 2989; x_wconf 80' lang='grc' dir='ltr'>γυναῖκας</span> <span class='ocrx_word' id='word_1_251' title='bbox 1154 2910 1397 2986; x_wconf 78' lang='grc' dir='ltr'>ι’σχυρῶς</span> <span class='ocrx_word' id='word_1_252' title='bbox 1442 2904 1835 2982; x_wconf 77' lang='grc' dir='ltr'>φυλάσσουσι·</span> 
     </span>
     <span class='ocr_line' id='line_1_34' title="bbox 231 2992 1839 3079; baseline -0.001 -26"><span class='ocrx_word' id='word_1_253' title='bbox 231 2994 322 3053; x_wconf 82' lang='grc' dir='ltr'>καὶ</span> <span class='ocrx_word' id='word_1_254' title='bbox 343 2995 599 3057; x_wconf 74' lang='grc' dir='ltr'>ὠνέονται</span> <span class='ocrx_word' id='word_1_255' title='bbox 617 2997 719 3061; x_wconf 75' lang='grc' dir='ltr'>τὰς</span> <span class='ocrx_word' id='word_1_256' title='bbox 735 3000 999 3078; x_wconf 84' lang='grc' dir='ltr'>γυναῖκας</span> <span class='ocrx_word' id='word_1_257' title='bbox 1013 2995 1169 3073; x_wconf 76' lang='grc' dir='ltr'>παρὰ</span> <span class='ocrx_word' id='word_1_258' title='bbox 1186 3000 1298 3057; x_wconf 79' lang='grc' dir='ltr'>τῶν</span> <span class='ocrx_word' id='word_1_259' title='bbox 1310 2996 1519 3079; x_wconf 88' lang='grc' dir='ltr'>γονέων</span> <span class='ocrx_word' id='word_1_260' title='bbox 1532 2992 1839 3074; x_wconf 76' lang='grc' dir='ltr'>χρημάτων</span> 
     </span>
     <span class='ocr_line' id='line_1_35' title="bbox 229 3084 1835 3166; baseline -0.004 -21"><span class='ocrx_word' id='word_1_261' title='bbox 229 3084 509 3163; x_wconf 77' lang='grc' dir='ltr'>μεγάλων·</span> <span class='ocrx_word' id='word_1_262' title='bbox 551 3087 644 3146; x_wconf 79' lang='grc' dir='ltr'>καὶ</span> <span class='ocrx_word' id='word_1_263' title='bbox 679 3112 746 3147; x_wconf 92' lang='grc' dir='ltr'>το</span> <span class='ocrx_word' id='word_1_264' title='bbox 786 3087 892 3163; x_wconf 78' lang='grc' dir='ltr'>μὲν</span> <span class='ocrx_word' id='word_1_265' title='bbox 927 3084 1190 3165; x_wconf 84' lang='grc' dir='ltr'>ἐστίχθαι</span> <span class='ocrx_word' id='word_1_266' title='bbox 1228 3084 1442 3166; x_wconf 78' lang='grc' dir='ltr'>εὐγενὲς</span> <span class='ocrx_word' id='word_1_267' title='bbox 1479 3084 1742 3161; x_wconf 85' lang='grc' dir='ltr'>κέκριται,</span> <span class='ocrx_word' id='word_1_268' title='bbox 1766 3106 1835 3141; x_wconf 88' lang='grc' dir='ltr'>το</span> 
     </span>
     <span class='ocr_line' id='line_1_36' title="bbox 237 3166 1839 3285; baseline -0.002 -50"><span class='ocrx_word' id='word_1_269' title='bbox 237 3167 345 3227; x_wconf 62' lang='grc' dir='ltr'>δ”</span> <span class='ocrx_word' id='word_1_270' title='bbox 309 3188 575 3235; x_wconf 68' lang='grc' dir='ltr'>Φυτικτον</span> <span class='ocrx_word' id='word_1_271' title='bbox 610 3174 853 3285; x_wconf 81' lang='grc' dir='ltr'>αγεννές·</span> <span class='ocrx_word' id='word_1_272' title='bbox 895 3172 1072 3255; x_wconf 80' lang='grc' dir='ltr'>οἷργόν</span> <span class='ocrx_word' id='word_1_273' title='bbox 1103 3174 1243 3234; x_wconf 78' lang='grc' dir='ltr'>εἶναι</span> <span class='ocrx_word' id='word_1_274' title='bbox 1279 3172 1628 3243; x_wconf 78' lang='grc' dir='ltr'>κάλλιστον,</span> <span class='ocrx_word' id='word_1_275' title='bbox 1636 3173 1745 3252; x_wconf 75' lang='grc' dir='ltr'>γῆς</span> <span class='ocrx_word' id='word_1_276' title='bbox 1776 3166 1839 3225; x_wconf 63' lang='grc' dir='ltr'>δὲ</span> 
     </span>
     <span class='ocr_line' id='line_1_37' title="bbox 231 3256 1833 3342; baseline -0.002 -21"><span class='ocrx_word' id='word_1_277' title='bbox 231 3256 485 3335; x_wconf 65' lang='grc' dir='ltr'>ἐργάτην,</span> <span class='ocrx_word' id='word_1_278' title='bbox 511 3261 868 3342; x_wconf 72' lang='grc' dir='ltr'>ἀτιμότατον·</span> <span class='ocrx_word' id='word_1_279' title='bbox 903 3288 972 3323; x_wconf 84' lang='grc' dir='ltr'>το</span> <span class='ocrx_word' id='word_1_280' title='bbox 999 3263 1163 3342; x_wconf 73' lang='grc' dir='ltr'>ζῆν’</span> <span class='ocrx_word' id='word_1_281' title='bbox 1125 3290 1239 3323; x_wconf 89' lang='grc' dir='ltr'>απο</span> <span class='ocrx_word' id='word_1_282' title='bbox 1267 3263 1522 3338; x_wconf 86' lang='grc' dir='ltr'>πολέμου</span> <span class='ocrx_word' id='word_1_283' title='bbox 1550 3287 1643 3319; x_wconf 89' lang='grc' dir='ltr'>και</span> <span class='ocrx_word' id='word_1_284' title='bbox 1668 3261 1833 3331; x_wconf 73' lang='grc' dir='ltr'>ληΐσ-</span> 
     </span>
    </p>
   </div>
  </div>
 </body>
</html>
