2259 3500
374 129 655 195 139—141]
988 128 1358 179 HOATMNIA.
1871 129 1968 183 175

371 212 652 289 μείναντες
670 214 977 289 σῖνέσχοντο
1000 209 1100 270 τόν
1118 209 1345 271 ἐπιόντα
1371 209 1462 269 ε’πὶ
1486 209 1591 287 τήν
1608 209 1796 289 χώρην
1815 208 1967 281 δέξαὥ

372 300 525 359 σθαι.

453 388 787 464 Πέμψαντες
827 385 937 468 γὰρ
984 388 1037 445 οἱ
1075 384 1364 462 Ἀθηναῖοι
1406 390 1462 447 ἐς
1504 384 1768 460 Δελφούς
1805 386 1925 445 θεο-
1947 386 2062 445 140

371 473 637 550 πρόπους,
679 473 1192 552 χρηστηριάζεσθαι
1232 472 1383 549 ἦσαν
1427 476 1655 549 ἑτοῖμοι·
1719 472 1815 531 καί
1857 478 1970 548 σφι

370 560 653 637 ποιήσασι
693 562 821 639 περὶ
865 560 933 621 τό
979 560 1097 637 ἶρόν
1141 559 1214 619 τὰ
1265 559 1615 637 νομιζόμενα,
1673 559 1744 623 ὥς
1795 563 1851 622 ἐς
1903 559 1968 619 τό

372 650 617 730 μέγαρον
653 646 979 712 ἐσελθόντες
1014 649 1212 722 ἵζοντο,
1243 653 1358 729 χρᾷ
1382 647 1420 725 ἦ
1447 649 1634 725 Πυθίη
1659 651 1730 728 τῇ
1759 646 1969 725 οὔνομα

372 735 443 810 ἦν
465 736 824 813 Ἀριστονίκη
848 735 998 795 τάδε·

489 863 553 912 Ὦ
573 865 748 924 μέλεοι,
774 865 825 912 τί
846 865 1059 923 κάθησθε
1077 880 1091 923 ;
1122 865 1280 913 λιπὼν
1301 862 1439 927 φεῦγ’
1463 866 1653 927 ἔσχατα
1675 864 1816 926 γαίης

503 937 701 994 δώματα
723 937 803 983 καὶ
826 937 991 985 πόλιος
1012 938 1308 997 τροχοειδέος
1330 937 1454 999 ἄκρα
1477 940 1673 1000 κάρηνα.

502 1010 612 1055 οὔτε
632 1009 731 1069 γὰρ
752 1008 785 1065 ἡ
807 1008 998 1069 κεφαλὴ
1019 1009 1150 1065 μένει
1172 1010 1392 1069 ἔμπεδον,
1421 1011 1532 1057 οὔτε
1553 1011 1610 1057 τὸ
1632 1010 1786 1069 σῶμα,

502 1082 611 1127 οὔτε
634 1081 775 1127 πόδες
795 1080 971 1136 νέατοι,
997 1078 1093 1127 οὔτ’
1115 1080 1179 1127 ὧν
1199 1082 1351 1142 χέρες,
1383 1083 1494 1129 οὔτε
1514 1098 1562 1128 τι
1583 1082 1768 1139 μέσσης

500 1152 735 1209 λείπεται,
765 1151 875 1198 ἀλλ’
896 1150 1053 1209 ἄζηλα
1075 1152 1229 1199 πέλει·
1265 1154 1390 1200 κατὰ.
1411 1154 1508 1213 γάρ
1529 1171 1610 1211 μιν
1632 1153 1806 1213 ἐρείπει

502 1225 597 1283 πῦρ
617 1240 673 1269 τε
696 1224 775 1270 καὶ
798 1224 902 1281 ὀξὺς
916 1223 1063 1284 Ἄρης
1088 1224 1373 1284 Συριηγενὲς
1397 1224 1529 1285 ἅρμα
1553 1223 1746 1273 διώκων.

500 1295 664 1341 πολλὰ
686 1296 738 1341 δὲ
760 1293 895 1341 κᾶλλ’
921 1292 1101 1341 α’,πολεΐ
1120 1297 1436 1355 πυργώματα,
1467 1297 1550 1343 κού
1571 1297 1628 1343 τὸ
1652 1296 1736 1343 σὸν
1759 1296 1867 1343 οἷον·

500 1368 709 1414 πολλοὺς
732 1366 773 1413 δ’
796 1366 1044 1413 ἀθανάτων
1066 1368 1200 1425 νηοὺς
1221 1369 1418 1428 μαλερῷ
1439 1369 1550 1429 πυρὶ
1572 1368 1729 1425 δώσει,

502 1440 549 1485 οἵ
566 1455 659 1485 που
680 1440 758 1485 νῦν
780 1440 940 1498 ἱδρῶτι
959 1438 1195 1499 ῥεούμενοι
1211 1438 1460 1496 ἑστήκασι,

500 1510 685 1567 δείματι
708 1510 1018 1565 παλλόμενοι·
1054 1509 1182 1555 κατὰ
1203 1508 1246 1557 δ’
1267 1508 1546 1570 ἀκροτάτοις
1569 1510 1785 1571 ὀρόφοισι

500 1582 617 1639 αἷμα
638 1582 791 1637 μέλαν
814 1582 1029 1639 κέχυται,
1059 1582 1252 1641 προὶδὸν
1273 1581 1535 1639 κακότητος
1559 1582 1787 1641 ἀνάγκας.

500 1652 614 1701 ἄλλ’
638 1655 738 1700 ἴτον
761 1654 811 1711 ἐξ
834 1654 1039 1712 ἀδύτοιο,
1064 1653 1226 1701 κακοῖς
1249 1653 1289 1699 δ’
1315 1654 1588 1701 ἐπικίδνατε
1611 1653 1767 1711 θυμόν.

366 1768 556 1825 Ταῦτα
611 1765 947 1828 ἀκούσαντες
995 1767 1049 1824 οἱ
1100 1768 1212 1825 τῶν
1253 1764 1561 1841 Ἀθηναίων
1608 1761 1927 1841 θεοπρόποι,
1949 1763 2060 1822 141

370 1857 643 1932 συμφορῇ
680 1857 753 1931 τῇ
798 1852 1042 1934 μεγίστῃ
1098 1852 1385 1931 ἐχρέωντο·
1452 1851 1858 1929 προβάλλουσι
1909 1849 1969 1907 δὲ

369 1941 553 2016 σφέας
573 1941 773 2004 αὐτοῦς
792 1941 903 2001 ὖπὸ
923 1946 1024 2001 τοῦ
1044 1944 1216 1999 κακοῦ
1241 1943 1344 2001 τοῦ
1365 1940 1762 2019 κεχρησμένου,
1784 1937 1969 2013 Τίμων

368 2027 402 2088 ὅ
439 2027 873 2107 Ἀνδροβούλου,
910 2032 1023 2088 τῶν
1067 2031 1312 2105 Δελφῶν
1355 2025 1492 2104 οἷνήρ
1535 2026 1759 2103 δόκιμος
1803 2025 1971 2101 ὁμοῖα

367 2120 445 2195 τῷ
481 2118 752 2194 μάλιστα,
802 2116 1181 2193 συνεβούλευέ
1225 2121 1336 2190 σφι
1380 2115 1654 2192 ἱκετηρίην
1691 2114 1960 2189 λαβοῦσι,

370 2203 593 2280 δεύτερα
634 2203 785 2267 αὖτις
823 2203 1089 2266 ἐλθόντας
1129 2204 1378 2281 χρᾶσθαι
1417 2207 1494 2281 τῷ
1532 2201 1853 2280 χρηστηρίῳ
1897 2199 1968 2260 ὥς

374 2291 570 2352 ἱκέτας·
612 2290 995 2366 πειθομένοισι
1023 2291 1083 2348 δὲ
1108 2295 1282 2349 ταῦτα
1309 2293 1461 2349 τοῖσι
1486 2289 1852 2365 Ἀθηναίοισι,
1876 2287 1970 2345 καὶ

372 2377 625 2454 λέγουσι·
681 2387 717 2412 “
734 2375 891 2448 ὦναξ,
931 2381 1152 2454 χρῆσον
1183 2377 1318 2454 ἡμῖν
1354 2376 1578 2454 ἄμεινόν
1613 2403 1668 2437 τι
1703 2377 1830 2453 περὶ
1868 2377 1971 2450 τῆς

374 2463 651 2539 πατρίδος,
708 2459 979 2527 αἶδεσθεὶς
1031 2463 1131 2526 τοῖς
1185 2465 1456 2541 ἱκετηρίας
1506 2464 1680 2524 τάσδε
1731 2463 1831 2526 τάς
1879 2486 1970 2520 τοι

372 2547 581 2627 ἥκομεν
617 2552 895 2630 φέροντες·
949 2551 986 2628 ἢ
1028 2551 1093 2612 οὔ
1134 2578 1221 2618 τοι
1261 2551 1464 2629 ἄπιμεν
1503 2557 1564 2611 ε’κ
1604 2555 1706 2611 τοῦ
1747 2549 1964 2622 ἀδύτου,

374 2637 504 2696 ἀλλ’
544 2637 712 2700 αὐτοῦ
750 2641 881 2718 τῇδε
920 2642 1204 2718 μενέομεν,
1247 2639 1362 2698 ἔστ’
1399 2638 1468 2698 ἂν
1504 2640 1595 2697 καὶ
1628 2635 1967 2710 τελευτήσω·
2027 2703 2032 2708 .

370 2725 525 2802 μεν·”
580 2731 757 2787 ταῦτα
802 2727 862 2786 δὲ
902 2729 1138 2809 λέγουσι
1170 2727 1208 2801 ἦ
1251 2726 1555 2804 πρόμαντις
1592 2730 1706 2803 χρᾷ
1743 2721 1969 2798 δεύτερα

371 2812 519 2873 τάδε·

502 2928 573 2976 Οὐ
590 2930 783 2976 δύναται
804 2929 1009 2977 Παλλὰς
1031 2928 1105 2976 Δι’
1132 2928 1398 2987 Ὀλύμπιον
1420 2925 1753 2986 ἐξιλάσασθαι,

498 3002 761 3058 λισσομένη
783 3003 1009 3048 πολλοῖσι
1030 3001 1194 3060 λόγοις
1218 3002 1296 3047 καὶ
1317 3001 1480 3057 μήτιδι
1503 2996 1675 3055 πυκνῇ.

501 3075 579 3122 σοὶ
602 3075 654 3120 δὲ
674 3073 773 3120 τόδ’
794 3071 925 3121 αὖτις
948 3074 1061 3119 ἔπος
1085 3073 1212 3132 ἐρέω,
1234 3069 1502 3128 Ἀδάμαντι
1525 3067 1793 3114 πελάσσας·

499 3147 595 3193 τῶν
618 3145 782 3193 ἄλλων
802 3145 898 3205 γὰρ
923 3143 1258 3201 ἁλισκομένων,
1287 3143 1379 3188 ὅσα
1403 3140 1651 3198 Κέκροπος
1673 3133 1808 3197 οὖρος

498 3219 628 3266 ἐντὸς
650 3219 753 3278 ἔχει
775 3213 987 3273 κευθμών
1006 3231 1063 3260 τε
1085 3214 1376 3274 Κιθαιρῶνος
1399 3209 1598 3268 ζαθέοιο,

496 3291 659 3352 τεῖχος
682 3287 961 3351 Τριτογενεῖ
978 3287 1162 3344 ξύλινον
1184 3284 1306 3332 διδοῖ
1325 3282 1530 3340 εὐρύοπα
1554 3279 1666 3326 Ζεὺς
