2259 3500
284 88 382 137 284
900 82 1265 133 ἨΡοΔοτοΤ
1752 82 1891 148 [IX.-

281 163 658 226 ἀντιώσεσθαι
699 168 755 227 ἐς
792 161 898 239 τήν
936 161 1209 237 Βοιωτίην
1246 160 1644 240 προδεδώκατε,
1684 166 1885 242 περιεί-

283 246 408 313 δετέ
445 277 507 312 τε
548 248 877 327 ἐσβαλόντα
918 254 973 313 ἐς
1001 248 1106 324 τὴν
1130 248 1391 324 Ἀττικὴν
1429 250 1530 311 τᾶν
1564 251 1881 329 βάρβαρον.

282 345 338 405 ἐς
375 340 480 417 μέν
519 364 616 399 νυν
655 336 720 398 ro*
761 337 971 415 παρεόν
995 336 1285 412 Ἀθηναῖοι
1326 337 1459 414 ὑμῖν
1496 339 1779 415 μηνίουσι·
1822 339 1887 399 οὖ

280 427 393 509 γὰρ
422 425 724 503 ἐποιήσατε
755 425 1064 501 ἐπιτηδέως·
1095 429 1192 485 νῦν
1219 426 1277 483 δὲ
1305 424 1391 485 ὅτι
1417 425 1589 505 τάχος
1617 427 1887 502 στρατιὴν

279 514 398 592 ἅμα,
448 514 586 591 ἡμῖν
629 514 932 575 ἐκέλευσαν
978 511 1151 590 ὖμέας
1195 513 1511 589 ἐκπεμπειν,
1562 513 1635 575 ὥς
1680 512 1747 573 ἂν
1787 514 1887 576 τᾶν

277 601 582 679 βάρβαρον
635 600 920 677 δεκώμεθα
973 606 1032 661 ἐν
1081 606 1154 678 τῇ
1208 600 1460 679 Ἀττικῇ·
1536 601 1723 679 ἐπειδὴ
1774 602 1885 684 γὰρ

277 689 602 804 ἡμάρτομεν
627 694 728 765 τῆς
755 689 1038 764 Βοιωτίης,
1064 692 1167 764 τῆς
1196 714 1265 770 γε
1295 687 1567 765 ἡμετέρης
1599 691 1886 765 ἐπιτηδειό-

275 777 448 838 τατόν
501 783 626 838 ἐστι
689 777 1125 857 ἐμμαχέσασθαι
1190 776 1258 837 τὸ
1327 776 1599 853 Θριάσιον
1649 776 1886 838 «π-εδίονῖθ

225 868 262 925 8
277 865 376 929 Ὡς
412 867 471 927 δὲ
510 864 619 943 ἄρα
649 864 900 941 ἤκουσαν
941 868 996 923 οἱ
1035 866 1235 941 ἔφοροι
1273 869 1466 934 ταῦτα,
1496 864 1887 941 ἀνεβάλλοντο

280 958 335 1017 ἐς
369 954 472 1031 τὴν
513 954 812 1030 ὖστεραίην
845 952 1273 1029 ὑποκρίνασθαι·
1314 957 1387 1031 τῇ
1424 952 1485 1011 δὲ
1520 953 1801 1031 ὑστεραίῃ,
1832 959 1887 1019 ἐς

278 1042 382 1118 τὴν
421 1042 626 1120 ἑτέρην.
707 1045 874 1100 τοῦτο
914 1041 1004 1099 καὶ
1043 1041 1135 1099 ἐπὶ
1168 1040 1300 1099 δέκα
1325 1039 1537 1118 Ιἡμέρας
1564 1043 1795 1112 ἐποίεον,
1826 1044 1888 1113 ἐξ

276 1128 487 1206 ἡμέρης
529 1135 585 1191 ἐς
622 1128 835 1204 ἦμέρην
874 1127 1356 1205 ἀναβαλλόμενοι·
1401 1133 1459 1188 ἐν
1502 1130 1561 1188 δὲ
1599 1128 1774 1209 τούτῳ
1811 1138 1889 1211 τῷ

277 1215 462 1296 χρόνῳ
486 1216 584 1276 τόν
601 1215 835 1291 Ἰσθμὸν
857 1215 1114 1294 ἐτείχεον,
1139 1215 1393 1292 σπουδὴν
1416 1216 1635 1296 ἔχοντες
1660 1218 1886 1295 πολλήν

277 1302 479 1367 πάντες
534 1303 1010 1378 Πελοποννήσιοι·
1086 1304 1182 1363 καί
1230 1310 1343 1380 σφι
1396 1304 1466 1379 ἦν
1520 1304 1660 1381 πρός
1711 1308 1881 1366 τέλεϊ.

279 1390 392 1451 οὐδ’
415 1394 522 1471 ἔχω
550 1391 698 1450 εἶπαι
721 1390 788 1450 ro*
816 1392 1008 1461 αἴτιον,
1030 1391 1171 1451 διότι
1198 1392 1536 1469 ἀπικομένου
1561 1395 1665 1468 μὲν
1690 1391 1883 1464 Ἀλεξ-

277 1478 478 1557 άνδρου
503 1484 603 1539 τοῦ
630 1478 954 1542 Μακεδόνος
981 1484 1035 1541 ἐς
1059 1479 1301 1555 Ἀθήνας
1344 1480 1597 1555 σπουδὴν
1623 1481 1880 1562 μεγάλην·
1951 1533 1958 1539 .

278 1568 618 1643 ἐποιήσαντο
665 1566 745 1644 μὴ
791 1567 1028 1643 μηδίσαι
1069 1567 1414 1643 Ἀθηναίους,
1460 1569 1589 1629 τότε
1634 1569 1694 1629 δὲ
1742 1568 1887 1647 ὤρην

279 1655 619 1733 ἐποιήσαντο
653 1654 930 1732 οὐδεμίαν,
957 1655 1107 1715 ἄλλο
1144 1682 1213 1737 γε
1248 1654 1297 1731 ἢ·
1322 1655 1409 1715 ὅτι
1446 1655 1477 1715 ὅ
1514 1656 1745 1734 Ἰσθμός
1772 1664 1885 1733 σφι

278 1745 633 1825 ἐτετείχιστο,
692 1744 784 1804 καὶ
851 1742 1070 1805 ἐδόκεον
1138 1743 1443 1821 Ἀθηναίων
1512 1746 1591 1804 ἔτι
1659 1745 1884 1806 δέεσθαι

276 1832 451 1894 οὐδέν·
487 1832 580 1892 ὅτε
605 1833 665 1892 δὲ
691 1832 723 1893 ὅ
749 1831 1118 1909 Ἀλέξανδρος
1145 1831 1375 1892 ἀπίκετο
1404 1836 1459 1896 ἐς
1484 1830 1588 1908 τὴν
1605 1832 1881 1909 Ἀττικὴν,

276 1920 418 1981 οὔκω
459 1919 899 1999 ἀπετετείχιστο·
949 1920 1247 2000 ἐργάζοντο
1289 1922 1347 1982 δὲ
1386 1920 1644 2002 μεγάλως
1685 1947 1882 1998 καταρ-

275 2009 578 2087 ρωδηκότες
603 2008 733 2070 τούς
760 2008 1012 2084 Πέρσας.

135 2143 138 2148 -
222 2098 258 2157 9
356 2098 530 2159 Τέλος
557 2097 632 2168 δὲ,
655 2121 755 2174 της
779 2121 842 2154 τε
867 2094 1197 2172 υποκρίσιος
1224 2095 1316 2154 καὶ
1344 2096 1537 2165 ἐξόδου
1564 2101 1674 2156 τῶν
1696 2099 1882 2206 Evae·

274 2185 502 2261 τιητέων
542 2183 761 2262 ἐγένετο
800 2181 1007 2258 τρόπος
1045 2180 1289 2242 τοιόσδε·
1330 2187 1403 2262 τῇ
1443 2186 1745 2263 προτεραίῃ
1782 2189 1885 2260 τῆς

275 2270 518 2345 ὑστάτης
560 2267 938 2333 καταστάσιος
977 2270 1306 2348 μελλούσης
1356 2272 1606 2340 εσεσθαι,
1656 2273 1880 2343 Χίλεος,

277 2357 416 2434 ἀνὴρ
453 2356 744 2438 Τεγεήτης,
782 2356 1082 2434 δυνάμενος
1127 2363 1187 2418 ἐν
1228 2359 1603 2435 Λακεδαίμονι
1636 2361 1882 2440 μέγιστα

275 2446 478 2517 ξείνων,
506 2449 617 2506 τῶν
650 2444 864 2523 ἐφόρων
901 2447 1135 2507 ἐπύθετο
1174 2446 1357 2507 πάντα
1394 2447 1571 2528 λόγον
1595 2446 1697 2508 τόν
1732 2448 1800 2523 δὴ
1826 2451 1883 2509 οἶ

274 2532 562 2610 Ἀθηναῖοι
604 2534 816 2615 ἔλεγον·
857 2533 1104 2596 οἰκούσας
1146 2535 1207 2594 δὲ
1248 2534 1279 2594 ὁ
1320 2535 1533 2600 Χίλεος
1574 2537 1733 2616 ἔλεγε
1772 2534 1882 2613 ἄρα

277 2628 390 2699 σφι
429 2622 581 2683 τάδε·
643 2631 679 2658 “
696 2621 838 2682 οὕτω
887 2623 1017 2700 ἔχει,
1064 2621 1257 2699 ἄνδρες
1302 2625 1514 2699 ἔφοροι·
1574 2621 1881 2699 Ἀθηναίων

275 2709 413 2787 ἡμῖν
441 2710 639 2771 ἐόντων
663 2709 743 2788 μὴ
771 2709 1020 2788 ἀρθμίων
1043 2714 1119 2788 τῷ
1150 2711 1207 2768 δὲ
1240 2708 1521 2788 βαρβάρῳ
1548 2709 1879 2789 συμμάχων,

277 2798 477 2875 καίπερ
502 2799 714 2877 τείχεος
734 2797 826 2856 διά
844 2803 945 2858 τοῦ
963 2797 1201 2874 Ἰσθμοῦ
1225 2797 1575 2874 ἐληλαμενου
1596 2802 1879 2875 καρτεροῦ,

277 2886 521 2966 μεγάλαι
547 2885 832 2950 κλισιάδες
869 2885 1280 2946 ἀναπεπτέαται
1310 2891 1365 2947 ἐς
1388 2911 1493 2960 την
1520 2885 1881 2962 Πελοπόννη-

279 2998 384 3031 σον
433 2978 512 3052 τῷ
551 2974 773 3053 Πέρσῃ.
856 2973 986 3032 ἀλλ’
1033 2971 1398 3041 ἐσακούσατε,
1444 2973 1575 3048 πρίν
1626 2998 1683 3033 τι
1730 2971 1883 3032 ἄλλο

189 3059 262 3118 10
277 3058 628 3134 Ἀθηναίοισι
660 3063 817 3131 δόξαι
857 3060 1108 3137 σφάλμα
1145 3061 1321 3137 φέρον
1346 3065 1417 3138 τῇ
1442 3059 1730 3120 Ἑλλάδι.
1810 3059 1881 3118 Ὁ

277 3145 382 3220 μέν
414 3152 528 3221 σφι
561 3152 738 3208 ταῦτα
776 3146 1171 3224 συνεβούλευε·
1220 3149 1275 3206 οἱ
1312 3147 1370 3206 δὲ
1408 3147 1571 3223 φρενὶ
1604 3147 1884 3224 λαβόντες

281 3229 380 3288 τὸν
402 3232 594 3310 λόγον,
621 3233 835 3304 αὐτίκα,
862 3233 1184 3310 φράσαντες
1209 3232 1367 3292 οὐδὲν
1398 3237 1551 3292 τοῖσι
1581 3233 1883 3315 ἀγγέλοισι
