2259 3500
297 152 364 200 28
914 149 1282 201 ‘HPOAo‘ro‘r
1810 149 1901 212 [V.

295 228 614 306 ἀπήλλαξε·
658 229 750 288 καὶ
793 227 1171 308 Ἀγχιμολίου
1220 228 1331 288 εἶσὶ
1368 229 1549 304 ταφαὶ
1582 231 1685 304 τῆς
1723 226 1904 289 Ἀττι-

296 323 395 395 κῆς
447 316 821 394 Ἀλωπεκῆσι,
891 314 1072 395 οἷγχοῧ
1119 317 1223 376 τοῦ
1273 315 1621 394 Ἡρακληΐου
1674 321 1776 376 τοῦ
1850 323 1909 378 ἐν

200 409 276 466 64
295 406 671 486 Κυνοσάργεϊ.
757 403 920 463 Mero?
974 404 1048 474 δὲ,
1092 404 1523 482 Λακεδαιμόνιοι
1577 405 1724 482 μέζω
1766 406 1906 465 στό-

294 500 398 555 λον
424 495 748 556 στείλαντες
775 491 1115 570 ἀπέπεμψαν
1131 493 1224 552 ἐπὶ
1249 493 1349 556 τὰς
1376 492 1633 568 Ἀθήνας,
1662 518 1907 571 στρατη·

290 583 396 664 γὸν
433 588 535 660 τῆς
569 583 844 659 στρατιῆς
881 579 1247 650 ἀποδέξαντες
1286 582 1543 659 βασιλέα
1578 581 1909 657 Κλεομένεα
1968 658 1973 670 ι

291 671 391 731 τόν
414 669 862 746 Ἀναξανδρίδεω,
886 668 1068 730 οὐκέτι
1092 669 1233 728 κατὰ
1258 667 1565 730 θάλασσαν
1586 669 1907 732 στείλαντες

292 758 446 818 οἷλλοὶ
467 758 585 820 κατ’
611 758 860 836 ἤπειρον.
902 762 1056 818 τοῖσι
1083 759 1144 817 δὲ
1171 758 1496 834 ἐσβαλοῦσι
1520 762 1574 822 ἐς
1600 756 1703 833 τὴν
1729 757 1906 817 Ἀττι-

294 848 396 925 κήν
420 849 608 928 χώρην
626 847 664 924 ἦ
688 852 800 909 τῶν
827 850 1145 907 Θεσσαλῶν
1176 846 1345 910 ἵππος
1365 849 1557 923 πρώτη
1578 847 1902 924 προσέμιξε,

287 938 385 995 καὶ
411 937 476 997 οὗ
502 936 645 1015 μετᾶ
669 936 820 996 πολι)
850 934 1139 1013 ἐτράπετο·
1188 936 1284 994 καί
1308 941 1501 1011 σφεων
1534 939 1737 994 ἔπεσον
1765 935 1903 1012 ὑπὲρ

290 1026 706 1103 τεσσεράκοντα
739 1024 954 1101 ἄνδρας,
985 1027 1038 1083 οἱ
1065 1024 1122 1082 δὲ
1150 1025 1567 1105 περιγενόμενοι
1598 1022 1902 1082 ἀπαλλάσ-

291 1139 462 1172 σοντο
491 1114 562 1176 ὥς
590 1114 742 1193 εἶχον
772 1112 889 1176 ἰθῦς
917 1112 1009 1171 ἐπὶ
1043 1113 1391 1188 Θεσσαλίης.
1476 1113 1803 1189 Κλεομένης
1844 1113 1904 1172 δὲ

291 1200 624 1278 ἀπικόμενος
659 1206 713 1264 ἐς
743 1201 808 1261 τό
836 1200 981 1260 ἄστυ
1016 1200 1132 1277 ἅμα
1160 1199 1467 1276 Ἀθηναίων
1497 1205 1651 1260 τοῖσι
1691 1202 1902 1277 βουλο-

288 1289 513 1366 μένοισι
541 1289 678 1350 εἶναι
706 1290 1065 1366 ἐλευθέροισι,
1097 1288 1419 1365 ἐπολιόρκεε
1452 1288 1581 1352 τούς
1605 1289 1902 1366 τυράννους

202 1380 276 1437 65
295 1376 677 1458 ἀπεργμένους
713 1382 772 1438 ἐν
803 1381 880 1456 τῷ
920 1381 1265 1457 Πελασγικῷ
1291 1377 1509 1459 [τείχεϊ]
1524 1423 1537 1436 .
1600 1377 1715 1436 Καὶ
1746 1377 1902 1437 οὐδέν

289 1491 344 1524 τι
373 1465 589 1529 πάντως
626 1463 694 1525 ἂν
733 1465 948 1535 ἐξεῖλον
984 1463 1113 1527 τούς
1142 1466 1616 1542 Πεισιστρατίδας
1643 1468 1696 1526 οἱ
1723 1473 1899 1526 Λακε-

291 1553 582 1630 δαιμόνιοι·
612 1555 739 1614 οὔτε
763 1554 872 1635 γὰρ
901 1554 1137 1632 ἐπέδρην
1166 1554 1419 1614 ἐπενόεον
1444 1553 1813 1630 ποιήσασθαι,
1842 1555 1903 1615 οἵ

288 1668 350 1701 τε
379 1643 846 1720 Πεισιστρατίδαι
883 1643 1099 1703 σίτοισι
1128 1642 1221 1701 καὶ
1247 1646 1477 1702 ποτοῖσι
1506 1642 1564 1701 εὖ
1590 1669 1896 1720 παρεσκευ-

287 1730 479 1793 άδατο·
523 1731 1012 1810 πολιορκήσαντές
1036 1758 1098 1791 τε
1125 1728 1193 1791 ἂν
1218 1731 1427 1810 ἡμέρας
1464 1730 1675 1813 ὀλίγας,
1718 1731 1896 1791 ἀπαλ-

289 1820 581 1882 λάσσοντο
623 1827 677 1884 ἐς
717 1821 822 1897 τὴν
868 1820 1154 1897 Σπάρτην·
1204 1823 1304 1879 νῦν
1337 1820 1395 1878 δὲ
1434 1820 1704 1896 συντυχίη
1743 1823 1897 1879 τοῖσι

287 1911 390 1985 μὲν
410 1910 551 1984 κακή
575 1909 880 1989 ἐπεγένετο,
903 1911 1055 1967 τοῖσι
1083 1908 1144 1965 δὲ
1168 1907 1206 1983 ἦ
1237 1907 1377 1983 αὕτη
1406 1907 1547 1982 αὕτη
1568 1905 1889 1985 σύμμαχος·

286 1996 703 2073 ὑπεκτιθέμενοι
748 1995 859 2077 γὰρ
905 1995 1006 2064 ἔξω
1051 1999 1153 2071 τῆς
1195 1996 1380 2074 χώρης
1434 1997 1488 2055 οἱ
1540 1994 1732 2056 παῖδες
1785 2000 1895 2055 τῶν

289 2083 801 2161 Πεισιστρατιδέων
860 2082 1110 2159 ἥλωσαν·
1193 2088 1359 2142 τοῦτο
1415 2082 1474 2141 δὲ
1530 2082 1602 2144 ὥς
1658 2082 1891 2162 ἐγένετο,

288 2170 471 2231 πάντα
517 2169 697 2231 αὐτῶν
735 2170 806 2230 τὰ
852 2170 1157 2252 πρήγματα
1212 2169 1668 2247 συνετετάρακτο·
1724 2171 1895 2248 παρέ-

288 2284 512 2335 στησαν
529 2258 588 2318 δὲ
609 2260 700 2318 ἐπὶ
714 2261 902 2339 μισθῷ
915 2264 1069 2320 τοῖσι
1083 2260 1331 2320 τέκνοισι
1348 2257 1432 2319 ἐπ’
1448 2258 1567 2319 οἷσι
1584 2258 1893 2335 ἐβούλοντο

288 2351 340 2407 οἶ
373 2347 680 2425 Ἀθηναῖοι,
713 2346 857 2409 ὥστε
898 2353 955 2409 ἐν
995 2348 1161 2409 πέντε
1202 2347 1447 2427 ἡμέρῃσι
1483 2352 1800 2427 ἐκχωρῆσαι
1834 2353 1895 2407 ἐκ

286 2440 388 2511 τῆς
408 2435 688 2512 Ἀττικῆς·
721 2438 866 2513 μετοὶ
891 2438 968 2507 δὲ,
999 2436 1353 2515 ἐξεχώρησαν
1381 2442 1435 2500 ἐς
1458 2437 1678 2518 Σίγειον
1704 2436 1772 2497 τὸ
1802 2439 1893 2497 ἐπὶ

285 2527 362 2602 τῷ
394 2523 752 2604 Σκαμάνδρῳ·
795 2524 1057 2603 ἅρξαντὲς
1087 2527 1191 2601 μὲν
1221 2523 1529 2599 Ἀθηναίων
1564 2524 1647 2583 ἐπ’
1674 2527 1797 2583 ἔτεα
1836 2526 1899 2595 ἐξ

286 2636 350 2670 τε
406 2613 496 2671 καὶ
548 2612 862 2690 τριήκοντα,
919 2611 1098 2675 ἐόντες
1151 2612 1211 2670 δὲ
1265 2612 1357 2669 καὶ
1412 2610 1567 2670 οὗτοι
1626 2610 1895 2674 ἀνέκαθεν

288 2698 502 2758 Πύλιοί
535 2725 596 2759 τε
638 2701 730 2759 καὶ
776 2700 1068 2777 Νηλεΐδαι,
1117 2704 1177 2758 ἐκ
1219 2702 1331 2759 τῶν
1376 2698 1558 2760 αὐτῶν
1599 2700 1893 2781 γεγονότες

287 2789 379 2847 καὶ
421 2792 473 2848 οἶ
513 2787 664 2865 ἀμφὶ
697 2787 920 2865 Κόδρον
959 2814 1023 2847 τε
1050 2788 1143 2847 καὶ
1176 2786 1495 2859 Μέλανθον,
1527 2788 1581 2847 οἳ
1614 2788 1889 2867 πρότερον

287 2876 555 2953 ἐπήλυδες
582 2876 776 2948 ἐόντες,
807 2876 1062 2959 ἐγένοντο
1104 2875 1395 2952 Αθηναίων
1422 2875 1718 2953 βασιλέες.
1799 2879 1893 2937 ἐπὶ

285 2957 484 3026 τοῦτου
525 2966 586 3025 δὲ
617 2966 708 3025 καὶ
742 2964 919 3025 τῶυτό
955 2963 1167 3043 οὕνομα
1206 2964 1667 3043 ἀπεμνημόνευσε
1700 2964 1893 3025 Ἱππο-

287 3054 491 3132 κράτης
531 3059 610 3134 τῷ
642 3054 797 3113 παιδὶ
826 3054 1044 3123 θέσθαι,
1069 3054 1171 3114 τᾶν
1199 3056 1636 3134 Πεισίστρατον,
1672 3052 1765 3115 ἐπὶ
1789 3056 1891 3114 τοΐ

285 3141 576 3221 Νέστορος
614 3142 1033 3221 Πεισιστράτου
1065 3143 1389 3220 ποιεύμενος
1419 3145 1523 3221 τήν
1559 3142 1890 3219 ἐπωνυμίην.

287 3228 427 3290 οὕτω
465 3235 570 3308 μὲν
607 3232 895 3310 Ἀθηναῖοι
927 3232 1205 3310 τυράννων
1242 3232 1729 3313 ἀπαλλάχθησαν·
1776 3228 1891 3303 ὅσα

327 3318 350 3373 ’ὲ
373 3321 827 3396 ἐλευθερωθέντες
863 3320 1027 3399 ἔρξαν
1056 3320 1094 3398 ἦ
1125 3322 1335 3383 ἔπαθον
1370 3320 1639 3400 ἀξιόχρεα
1672 3314 1891 3392 ἆπηγῆ-
