2259 3500
330 108 428 155 264
951 102 1317 151 ἨΡΟΔΟΤΟΤ
1750 102 1935 168 [VIII.

329 187 550 255 πλοῖον,
590 187 744 245 τοῖσι
785 183 1082 243 ἐπίστευσε
1124 186 1298 264 σιγᾶν
1336 186 1393 245 ἐς
1438 186 1633 243 πᾶσαν
1669 181 1935 259 βασανον

329 260 778 348 ἀπικνεομένοισι
803 297 874 331 τα
903 268 1067 334 αύτός
1093 271 1403 330 ἐνετείλατο
1424 270 1669 346 βασιλέϊ
1692 272 1931 348 φράσαι·

324 366 438 423 τῶν
466 362 558 418 καὶ
585 360 832 424 Σίκιννος
869 358 900 418 ὁ
939 360 1152 434 οἰκέτης
1188 384 1342 422 αυτις
1367 360 1602 437 ἐγένετο·
1646 358 1699 417 οἳ
1724 362 1850 420 ἐπεί
1870 388 1932 423 τε

331 448 598 507 ἀπίκοντο
638 446 779 524 πρός
816 445 922 521 τήν
959 445 1237 521 Ἀττικὴν,
1276 449 1331 505 οἱ
1360 448 1464 522 μὲν
1501 448 1799 522 κατέμενον
1840 451 1932 509 ἐπὶ

327 540 405 614 τῷ
443 536 640 614 πλοίῳ,
684 534 933 598 Σίκιννος
973 534 1032 593 δὲ
1073 532 1292 609 α’,ναβσῖς
1330 532 1483 609 παραὶ
1523 533 1733 609 Ξέρξεα
1773 536 1933 618 ἔλεγε

329 623 478 684 τάδε·
521 632 556 658 “
575 622 789 700 ἔπεμψέ
818 646 890 697 με
927 621 1348 698 Θεμιστοκλέης
1374 620 1406 680 ὅ
1434 622 1731 692 Νεοκλέος,
1760 648 1931 701 στρα·

327 708 500 792 τηγός
524 712 628 786 μὲν
650 709 959 785 Ἀθηναίων
983 708 1124 785 σῖνήρ
1153 708 1212 766 δὲ
1242 712 1351 767 τῶν
1376 708 1691 787 συμμάχων
1713 709 1933 771 πάντων

329 798 559 876 ἄριστος
600 798 692 857 καὶ
745 796 1094 872 σοφώτατος,
1150 794 1447 873 φράσοντά
1491 821 1596 866 τοι,
1638 796 1725 855 ὅτι
1765 804 1931 874 Θεμι-

330 888 607 963 στοκλέης
647 885 678 945 ὁ
721 884 1032 961 Ἀθηναῖος,
1066 884 1163 943 σοὶ
1202 882 1551 960 βουλόμενος
1588 882 1928 965 ὖπουργέειν,

330 976 466 1054 ἔσχε
495 974 625 1036 τοῦς
653 973 946 1048 Ἕλληνας
982 971 1084 1035 τὰς
1123 976 1259 1047 νῆας
1297 971 1680 1048 βουλομένους
1720 972 1931 1035 διώκειν

331 1062 423 1119 καὶ
459 1060 563 1131 τοὶς
615 1066 674 1119 ἐν
718 1058 1128 1139 Ἑλλησπόντῳ
1174 1058 1423 1140 γεφῖἳρας
1466 1057 1639 1118 λύειν·
1696 1060 1789 1118 καὶ
1835 1066 1931 1121 νῦν

331 1147 448 1208 κατ’
515 1147 760 1227 ἡσυχίην
825 1146 1052 1221 πολλὴν
1113 1145 1388 1222 κομίζεο.”
1470 1149 1525 1205 οἱ
1588 1148 1694 1224 μὲν
1758 1152 1931 1208 ταῦτα

332 1234 680 1313 σημῄναντες
705 1232 1005 1293 ἀπέπλωον
1030 1233 1232 1293 ὀπίσω.
1311 1244 1319 1252 “

240 1326 349 1383 111
457 1326 531 1381 Οἱ
571 1323 632 1381 δὲ
660 1320 954 1397 Ἕλληνες,
991 1322 1116 1381 ἐπεί
1141 1346 1205 1381 τε
1242 1327 1355 1399 σφι
1388 1321 1625 1393 ἀπέδοξε
1659 1322 1789 1400 μήτ’
1815 1330 1928 1385 ἐπι-

333 1411 544 1471 διώκειν
599 1412 676 1471 ἔτι
729 1410 1064 1487 προσωτέρω
1113 1414 1225 1471 τῶν
1276 1412 1587 1488 βαρβάρων
1638 1411 1737 1476 τοῖς
1776 1417 1925 1489 νῆας,

329 1500 472 1577 μήτε
508 1498 808 1559 ἐπιπλῶειν
842 1503 897 1562 ἐς
934 1499 1033 1559 τόν
1065 1498 1509 1574 Ἑλλήσποντον
1526 1499 1806 1564 λύσοντας
1829 1501 1937 1577 τᾶν,

331 1586 523 1666 πόρον,
557 1587 660 1663 τὴν
680 1587 922 1664 Ἀνδρον
952 1588 1315 1665 περικατέατο
1352 1587 1589 1657 ἐξελέειν
1625 1588 1925 1651 ἐθέλοντες·

330 1681 540 1756 πρῶτοι
591 1674 702 1759 γὰρ
755 1674 1008 1752 Ἀνδριοι
1059 1676 1369 1752 νησιωτέων
1422 1674 1732 1752 αἰτηθέντες
1788 1675 1928 1754 πρὸς

329 1766 745 1843 Θεμιστοκλέος
769 1763 1033 1842 χρήματα
1070 1763 1169 1823 οὖκ
1208 1765 1426 1823 ἔδοσαν·
1469 1763 1623 1822 σῖλλοῖ
1658 1772 1924 1844 προϊσχο-

329 1854 500 1930 μένου
520 1853 935 1930 Θεμιστοκλέος
954 1851 1129 1931 λόγον
1154 1850 1329 1921 τόνδε,
1350 1850 1420 1914 ὦς
1440 1851 1624 1927 ἥκοιεν
1642 1850 1927 1928 Ἀθηναῖοι

329 1941 455 2018 περὶ
485 1939 714 2003 ἐωυτοῦς
742 1941 959 2018 ἔχοντες
996 1937 1092 1997 δύο
1125 1937 1285 2001 θεοὺς
1314 1938 1613 2020 μεγάλους,
1643 1939 1831 2000 Πειθώ
1863 1967 1926 2000 τε

331 2031 422 2087 καὶ
472 2027 824 2108 Ἀναγκαίην,
869 2025 1012 2086 οὕτω
1064 2027 1130 2086 τέ
1181 2031 1293 2102 σφι
1348 2026 1521 2103 κάρτα
1574 2028 1736 2108 δοτέα
1789 2027 1926 2089 εἶναι

329 2113 606 2193 χρήματα,
635 2113 993 2190 ὑπεκρίναντο
1021 2112 1163 2190 πρὸς
1186 2118 1361 2173 ταῦτα
1388 2116 1659 2194 λέγοντες,
1690 2115 1760 2179 ὥς
1786 2117 1925 2176 κατὰ

328 2202 504 2281 λόγον
543 2200 693 2275 ἦσαν
727 2199 836 2277 ἄρα
867 2203 924 2258 αἱ
954 2198 1190 2276 Ἀθῆναι
1229 2201 1476 2282 μεγάλαι
1515 2228 1577 2261 τε
1618 2204 1709 2261 καὶ
1750 2202 1925 2264 εὐδαί-

327 2314 508 2366 μονες,
537 2288 630 2346 καὶ
670 2288 810 2347 θεῶν
847 2293 1109 2366 χρηστῶν
1141 2289 1326 2365 ἥκοιεν
1364 2289 1441 2348 εὖ·
1490 2291 1609 2349 ἐπεὶ
1642 2290 1927 2369 Ἀνδρίους

327 2402 396 2456 γε
413 2376 550 2454 εἶναι
569 2376 866 2457 γεωπείνας
883 2381 936 2438 ἐς
955 2376 1024 2436 τοὶ
1038 2378 1285 2458 μέγιστα
1309 2376 1626 2452 ἀνήκοντας,
1656 2379 1748 2438 καὶ
1767 2380 1925 2444 θεούς

329 2463 427 2524 δύο
453 2464 770 2543 ἀχρήστους
797 2463 896 2522 οὐκ
924 2465 1199 2525 ἐκλείπειν
1224 2467 1417 2541 σφέων
1442 2465 1547 2541 τὴν
1572 2465 1765 2542 νῆσον,
1794 2466 1925 2526 ἀλλ’

329 2554 436 2612 αἰεὶ
464 2554 844 2632 φιλοχωρέειν,
865 2553 1071 2628 Πενίην
1096 2579 1157 2612 τε
1180 2553 1271 2612 καὶ
1297 2553 1660 2633 Ἀμηχανίην·
1685 2555 1777 2614 καὶ
1800 2556 1924 2616 τού-

325 2667 437 2702 των
455 2646 564 2702 τῶν
590 2642 729 2701 θεῶν
767 2638 1084 2715 ἐπηβόλους
1110 2640 1301 2704 ἐόντας
1325 2639 1608 2718 Ἀνδρίους
1634 2642 1701 2701 οὗ
1726 2642 1926 2703 δώσειν

327 2728 610 2808 χρήματα·
665 2727 921 2788 οὐδέκοτε
961 2727 1070 2809 γὰρ
1110 2733 1211 2804 τῆς
1244 2732 1455 2789 ἐωυτῶν
1484 2729 1787 2807 ἀδυναμίης
1822 2731 1927 2807 τήν

325 2815 633 2893 Ἀθηναίων
659 2815 887 2892 δύναμιν
915 2815 1051 2876 εἶναι
1079 2817 1319 2893 κρέσσω·
1356 2811 1511 2878 οὗτοι
1536 2820 1640 2894 μὲν
1660 2816 1729 2894 δή
1750 2823 1927 2880 ταῦτα

326 2903 752 2982 ὑποκρινάμενοι
791 2903 883 2963 καὶ
919 2902 984 2963 οὗ
1025 2903 1212 2967 δόντες
1241 2905 1315 2965 τοὶ
1349 2905 1631 2983 χρήματα,
1668 2911 1926 2985 ἐπολιορ-

237 2994 265 3050 1
278 2994 351 3050 12
371 2993 580 3052 κέοντο.
619 2991 1056 3069 ,Θεμιστοκλέης
1083 2991 1157 3064 δὲ,
1188 2991 1253 3052 ού
1277 2993 1389 3074 γὰρ
1412 2994 1645 3054 ἐπαύετο
1664 2998 1926 3055 πλεονεκ-

327 3081 477 3152 τέων,
509 3081 812 3158 ἐσπέμπων
847 3085 901 3141 ἐς
935 3078 1035 3142 τοῖς
1060 3078 1243 3144 ἄλλας
1266 3081 1472 3156 νήσους
1500 3081 1928 3159 ἀπειλητηρίους

325 3165 546 3246 λόγους,
597 3169 743 3227 αἴτεε
795 3166 1061 3246 χρήματα
1115 3167 1206 3226 διαὶ
1258 3172 1367 3229 τῶν
1420 3168 1599 3229 αὐτῶν
1650 3169 1925 3252 ἀγγέλων,

326 3253 636 3330 χρεώμενος
666 3255 898 3338 λόγοισι
931 3258 1086 3317 τοῖσι
1123 3255 1217 3314 καὶ
1261 3255 1401 3333 πρὸς
1439 3254 1721 3334 Ἀνδρίους
1760 3255 1925 3337 ἐχρή-
