2259 3500
333 122 551 187 47—50]
953 122 1321 170 noA‘mmA.
1837 126 1932 173 143

332 208 433 278 τῆς
480 202 781 277 θαλάσσης
826 201 950 260 ἐστὶ
997 201 1171 277 λιμὴν
1216 205 1486 265 τοσοῦτος
1531 201 1816 279 οὐδαμόθι,
1861 203 1932 267 ὥς

334 290 441 371 ἐγώ
490 290 696 360 εἰκάζω,
742 288 897 351 ὅστις
940 292 1287 369 ἐγειρομένου
1327 294 1596 368 χειμῶνος
1639 291 1931 367 δεξάμενός

332 404 434 437 σευ
477 382 641 437 τοῦτο
682 376 748 437 vd
793 377 1062 447 ναυτικὸν,
1098 378 1405 458 φερέγγυος
1447 380 1604 437 ἔσται
1649 380 1929 440 διασῶσαι

330 466 428 529 τὰς
473 466 613 528 νέας·
658 466 755 524 καί
790 492 879 524 τοι
918 464 1039 523 οὐκὶ
1076 466 1171 525 ἕνα
1209 464 1374 525 αὕτόν
1407 466 1492 524 δεῖ
1531 466 1668 525 εἶναι
1708 468 1806 527 τόν
1841 471 1926 528 λι-

330 554 484 628 μένα,
531 552 685 611 ἀλλὰ
726 553 877 630 παρα
924 557 1115 612 πᾶσαν
1152 554 1254 629 τὴν
1289 552 1534 630 ἤπειρον,
1572 554 1701 632 παρ’
1743 555 1812 631 ἣν
1854 556 1922 632 δή

330 643 564 717 κομίεαι·
608 640 706 700 οὐκ
752 640 825 700 ὦν
863 640 930 715 δη
968 640 1165 701 ἐόντων
1206 667 1292 700 τοι
1335 642 1571 717 λιμένων
1611 641 1926 715 υποδεξίων,

327 729 540 803 μάθε”
510 756 596 789 οτι
638 732 695 787 αἱ
731 730 1023 805 συμφοραὶ
1060 755 1168 788 των
1211 728 1586 804 οἷνθρῶπων”’
1551 756 1791 809 αρχουσι
1833 733 1923 791 καὶ

329 815 449 874 οὐκὶ
492 816 777 894 ὥνθρωποι
804 820 911 876 τῶν
940 818 1296 929 συμφορέων·
1341 817 1434 875 καὶ
1458 806 1528 886 δὴ
1553 821 1660 877 τῶν
1703 817 1800 877 δυο
1839 846 1926 879 τοι

326 908 426 962 τοῦ
472 905 657 981 ἑτέρου
702 905 1003 980 εἰρημένου,
1033 904 1097 963 τό
1143 904 1326 981 ἕτερον
1370 906 1601 984 ἔρχομαι
1629 906 1808 982 ἐρέων·
1850 910 1928 986 γῆ

327 990 394 1066 δὴ
420 993 666 1068 πολεμίη
692 992 829 1069 τῇδέ
852 1017 941 1049 τοι
968 992 1314 1051 κατίσταται·
1359 996 1406 1051 εἰ
1433 992 1618 1052 ἐθέλοι
1644 1018 1732 1052 τοι
1751 993 1926 1069 μηδὲν

324 1077 579 1149 ἀντίξοον
620 1082 979 1155 καταστῆναι,
1008 1079 1262 1158 τοσούτῳ
1287 1106 1376 1141 τοι
1401 1080 1611 1161 γίνεται
1651 1084 1924 1157 πολεμιω-

323 1168 455 1243 τέρη
494 1166 611 1246 ὅσῳ
654 1166 720 1228 ἂν
764 1168 1075 1245 προβαίνῃς
1122 1167 1416 1245 ἑκαστέρω,
1462 1167 1528 1227 τὰ
1571 1168 1767 1245 πρόσω
1817 1170 1924 1229 αἰεὶ

326 1256 713 1331 κλεπτόμενος.
777 1255 1071 1331 εὐπρηξίης
1116 1254 1227 1337 γὰρ
1281 1254 1380 1314 οὐκ
1429 1257 1550 1315 ἔστι
1597 1256 1941 1334 ἀνθρώποισι

324 1340 551 1418 οὐδεμία
594 1343 883 1420 πληθώρη.
968 1344 1059 1402 καὶ
1087 1343 1156 1418 δή
1183 1370 1286 1414 τοι,
1317 1343 1386 1406 ὥς
1414 1344 1634 1408 οὐδενός
1661 1350 1923 1405 ἐναντιευ-

322 1430 507 1504 μένου,
560 1430 708 1511 λέγω
754 1430 857 1506 τὴν
904 1430 1089 1509 χώρην
1137 1436 1353 1492 πλεῦνα
1401 1438 1457 1492 ἐν
1501 1437 1697 1492 πλεῦνι
1742 1432 1923 1513 χρόνῳ

323 1517 617 1594 γινομένην
664 1517 835 1593 λιμόν
882 1518 1162 1587 τέξεσθαι.
1243 1518 1382 1595 ἀνὴρ
1431 1520 1489 1577 δὲ
1535 1519 1675 1578 οὕτω
1721 1519 1790 1579 ἂν
1838 1522 1923 1599 εἴη

324 1602 567 1680 ἄριστος,
607 1610 655 1663 εἰ
687 1605 1099 1682 βουλευόμενος
1134 1608 1236 1683 μὲν
1277 1605 1556 1682 ἀρρωδέοι,
1591 1610 1703 1666 πᾶν
1740 1611 1920 1666 ἐπιλε-

320 1690 559 1772 γόμενος
599 1694 898 1763 πείσεσθαι
939 1698 1150 1772 χρῆμα,
1195 1699 1252 1754 ἐν
1300 1694 1358 1752 δὲ
1398 1697 1475 1772 τῷ
1522 1694 1660 1774 ἔργῳ
1705 1694 1916 1771 θρασύς

322 1778 457 1855 εἴη.”
539 1780 867 1858 Ἀμείβεται
910 1782 1120 1858 Ξέρξης
1163 1781 1372 1842 τοῖσδε·
1422 1792 1457 1817 “
1472 1781 1805 1859 Ἀρτάβανε,
1845 1787 1919 1842 οἶ·
1936 1786 2015 1842 50

320 1867 491 1932 κότως
516 1872 620 1946 μὲν
646 1870 721 1929 σύ
744 1895 811 1951 γε
838 1870 1044 1929 τούτων
1073 1869 1284 1930 ἕκαστα
1315 1870 1566 1945 διαιρέαι·
1611 1868 1749 1944 οἷτοὶρ
1779 1869 1923 1946 μήτε

316 1955 501 2016 πάντα
530 1959 733 2034 φοβέο,
766 1957 908 2034 μήτε
946 1962 1058 2016 πᾶν
1095 1957 1298 2033 ὁμοίως
1324 1959 1599 2038 ἐπιλέγεο·
1644 1961 1692 2016 εἰ
1713 1956 1825 2037 γὰρ
1852 1957 1920 2034 δή

315 2045 559 2120 βούλοιο
597 2046 689 2105 ἐπὶ
715 2050 792 2124 τῷ
818 2046 924 2104 αἰεὶ
951 2046 1379 2124 ἐπεσφερομένῳ
1405 2045 1693 2126 πρήγματι
1717 2043 1782 2104 vd
1807 2049 1922 2106 πᾶν

316 2132 519 2205 ὁμοίως
564 2135 944 2213 ἐπιλέγεσθαι,
1002 2132 1295 2208 ποιήσειας
1347 2132 1416 2193 ἂν
1469 2132 1685 2210 οὐδαμοὶ
1741 2131 1916 2193 οὐδέν·

317 2221 565 2296 κρέσσον
620 2221 680 2278 δὲ
734 2221 916 2280 πάντα
968 2221 1282 2298 θαρσέοντα
1331 2219 1512 2297 ἥμισυ
1564 2225 1674 2280 τῶν
1733 2221 1920 2282 δεινῶν

316 2306 562 2384 πάσχειν
596 2311 840 2382 μᾶλλον,
869 2305 907 2380 ἢ
932 2312 1045 2367 πᾶν
1071 2312 1266 2386 χρῆμα
1303 2309 1766 2385 προδειμαίνοντα
1805 2335 1912 2386 μη-

320 2392 468 2467 δαμᾶ.
507 2394 680 2468 μηδὲν
715 2395 933 2453 παθεῖν·
978 2421 1025 2454 ει
1050 2394 1109 2454 δὲ
1138 2395 1326 2471 ἐρίζων
1355 2422 1496 2473 προς
1520 2423 1634 2456 παν
1659 2423 1724 2456 το
1753 2396 1916 2478 λεγό-

316 2503 575 2555 μενον,μ
531 2506 613 2555 μη
646 2505 713 2538 το
739 2482 985 2556 βέβαιον
1026 2481 1328 2551 ἀποδέξεις,
1355 2482 1730 2558 σφαλλεσθαι
1766 2483 1942 2560 ὄφείῃ

316 2568 435 2628 λεις
484 2571 545 2626 ἐν
588 2567 810 2626 αυτοῖσι
856 2567 1059 2644 ομοίως
1104 2569 1196 2628 καὶ
1243 2597 1274 2628 ο
1322 2569 1617 2629 ὑπεναντία
1663 2570 1914 2631 τούτοισι

316 2652 503 2722 λέξας.
540 2685 543 2690 ·
584 2658 750 2715 τοῦτο
786 2655 891 2732 μέν
932 2683 1028 2716 νυν
1070 2657 1268 2732 ἐπίσης
1311 2658 1442 2734 ἔχει·
1487 2658 1684 2717 εἰδέναι
1725 2658 1784 2716 δὲ
1825 2657 1916 2716 ἅν-

318 2741 543 2817 θρωπον
578 2741 737 2804 ἐόντα
778 2747 883 2807 κῶς
921 2742 1033 2820 χρὴ
1073 2743 1141 2804 vd
1177 2745 1456 2820 βέβαιον;
1503 2745 1672 2804 δοκέω
1695 2747 1799 2821 μὲν
1827 2743 1916 2802 οὗ·

317 2827 519 2905 δαμῶς
601 2834 755 2891 τοῖσι
795 2833 981 2891 τοίνυν
1021 2833 1429 2909 βουλομένοισι
1471 2833 1692 2902 ποιέειν,
1737 2857 1809 2894 ως
1849 2857 1915 2892 το

316 2917 523 2978 ἐπίπαν
548 2920 735 2993 φιλέει
758 2920 1017 3000 γίνεσθαι
1040 2947 1111 2979 τα
1141 2920 1351 2998 κέρδεα·
1392 2923 1546 2980 τοῖσι
1572 2920 1632 2978 δὲ
1659 2923 1910 3000 ἐπιλεγο-

314 3005 541 3079 μένοισί
559 3031 621 3065 τε
647 3005 833 3066 πάντα
857 3033 949 3065 και
974 3007 1214 3085 ὄκνεῧσι,
1245 3035 1309 3068 ου
1336 3007 1497 3084 μάλα
1523 3005 1722 3067 ἐθέλει.
1781 3006 1915 3086 ορᾶς

316 3090 384 3150 τοὶ
409 3094 678 3170 Περσέων
718 3095 1021 3174 πρήγματα
1062 3100 1117 3158 ἐς
1145 3123 1176 3154 ο
1152 3094 1462 3172 δυναμιος
1497 3119 1910 3172 προκεχωρηκε·

316 3183 362 3239 εἰ
405 3185 593 3244 τοίνυν
636 3187 832 3243 ἐκεῖνοι
878 3184 933 3242 οἱ
973 3181 1083 3258 πρό
1128 3187 1256 3260 ἐμεῦ
1303 3182 1591 3264 γενόμενοι
1637 3182 1912 3256 βασιλέες

314 3268 573 3350 γνώμῃσι
608 3271 868 3350 ἐχρέοντο
904 3269 1137 3348 ὁμοίῃσι
1174 3271 1266 3329 καὶ
1303 3269 1396 3338 σύ,
1422 3266 1460 3343 ἢ
1499 3267 1582 3344 μὴ
1622 3268 1914 3348 χρεόμενοι
