2259 3500
380 131 474 180 336
952 126 1351 181 ςἮΡοΔοτοΤ
1834 128 1959 191 [lx.

367 212 426 270 ἐς
457 209 572 266 πᾶν
599 203 708 281 ἤδη
741 207 913 264 κακοῦ
945 202 1243 285 α’,πιγμένοι
1274 202 1443 279 ἦσαν,
1480 203 1621 264 οὕτω
1658 204 1805 264 ὥστε
1836 207 1967 270 τοῦς

365 294 558 356 τόνους
599 294 824 370 ἕψοντες
861 295 972 351 τῶν
1011 293 1241 352 κλινέων
1280 293 1584 352 ἐσιτέοντο·
1640 293 1767 352 ἐπεί
1799 320 1863 353 τε
1906 297 1966 354 δὲ

367 381 492 442 οὐδὲ
531 384 705 442 ταῦτα
745 382 825 439 ἔτι
867 381 1034 459 εἶχον,
1069 381 1211 442 οὕτω
1252 381 1320 457 δὴ
1356 381 1464 441 find
1506 381 1674 442 νύκτα
1714 383 1967 460 οἴχωνται

367 469 702 546 ἀποδράντες
745 469 804 528 οἵ
840 495 901 528 τε
946 470 1171 546 Πέρσαι
1212 471 1304 528 καὶ
1346 469 1378 528 ὅ
1420 470 1759 546 Ἀρταύκτης
1798 471 1890 530 καὶ
1932 471 1967 532 ὁ

370 557 666 634 Οἰόβαζος,
695 555 899 617 ὄπισθε
923 560 1026 616 τοῦ
1049 558 1263 636 τείχεος
1289 557 1633 634 καταβάντες
1656 563 1728 636 τῇ
1752 557 1823 632 ἦν
1842 565 1965 637 ἐρη-

365 644 610 722 μότατον
656 649 766 706 τῶν
813 646 1113 723 πολεμίων·
1181 645 1251 708 ὥς
1293 645 1351 704 δὲ
1392 645 1573 722 ἧμέρη
1622 646 1855 727 ἐγένετο,
1911 651 1965 708 οἱ

367 739 786 812 Χερσονησῖται
812 733 924 793 από
942 736 1052 794 τῶν
1069 733 1295 815 πύργων
1316 734 1603 812 ἐσήμηναν
1626 737 1779 794 τοῖσι
1796 733 1964 812 Ἀθη-

367 825 574 883 ναίοισι
599 851 665 883 το
690 849 920 904 γεγονος
948 821 1041 880 καὶ
1066 821 1167 884 τοὶς
1191 823 1373 885 πύλας
1405 821 1647 892 ἄνοιξαν·
1688 826 1798 881 τῶν
1824 823 1883 881 δὲ
1912 827 1967 881 οἱ

277 912 386 970 119
405 914 508 986 μὲν
542 916 774 974 πλεῦνες
819 911 1057 980 ἐδίωκον,
1086 936 1141 969 οι
1168 911 1227 968 δὲ
1251 910 1355 984 τήν
1380 910 1549 969 πόλιν
1576 910 1748 989 εἶχον.
1836 910 1965 970 Οἰό-

363 1000 545 1074 βαζον
580 999 684 1076 μέν
717 1025 813 1060 νυν
858 997 1173 1079 ἐκφυγόντα
1210 1003 1264 1060 ἐς
1303 998 1405 1073 τήν
1450 999 1695 1074 Θρηίκην
1732 997 1965 1074 Θρήῑκες

363 1085 644 1164 Ἀψίνθιοι
693 1086 971 1164 λαβόντες
1028 1085 1233 1146 ἔθυσαν
1291 1085 1637 1164 Πλειστώρῳ
1692 1088 1964 1165 ἐπιχωρίῳ

365 1175 487 1251 θεῷ,
514 1175 700 1252 τρόπῳ
726 1178 804 1252 τῷ
823 1174 1108 1252 σφετέρῳ·
1150 1173 1280 1237 τούς
1312 1174 1372 1234 δὲ
1406 1173 1526 1250 μετ’
1554 1175 1776 1242 ἐκείνου,
1804 1173 1963 1253 ἄλλῳ

363 1260 552 1339 τρόπῳ
579 1260 906 1335 ἐφόνευσαν·
949 1264 1004 1320 οἱ
1042 1261 1102 1320 δὲ
1131 1261 1284 1338 ἀμφὶ
1314 1262 1412 1322 τόν
1436 1262 1779 1338 Ἀρταύκτην
1802 1261 1963 1321 ὕστε-

366 1373 457 1424 ροι
481 1347 815 1425 ὁρμηθέντες
841 1349 1084 1430 φεύγειν,
1107 1350 1199 1408 καὶ
1228 1350 1298 1413 ὥς
1324 1349 1819 1427 κατελαμβάνοπο
1844 1348 1962 1410 ὀλί-

362 1461 456 1516 γοι
483 1436 660 1500 ἐόντες
694 1436 834 1514 ὖπέρ
871 1436 1043 1517 Αἰγὰς
1082 1440 1378 1514 Ποταμῶν,
1408 1437 1735 1512 ἀλεξόμενοι
1759 1436 1963 1515 χρόνον

364 1524 456 1582 ἐπὶ
491 1524 716 1604 συχνόν,
749 1529 802 1584 οἱ
832 1527 935 1602 μὲν
967 1525 1247 1585 ἀπέθανον
1274 1528 1327 1584 οἱ
1354 1525 1413 1584 δὲ
1441 1526 1633 1595 ζῶντες
1670 1524 1962 1600 ἐλάμφθη-

363 1637 493 1672 σαν·
535 1613 629 1671 καὶ
682 1612 1058 1689 συνδήσαντές
1095 1620 1280 1689 σφεας
1322 1615 1375 1672 οἱ
1404 1611 1683 1688 ’Έλληνες
1727 1611 1868 1693 ἦγον
1902 1621 1957 1678 ἐς

363 1701 608 1777 Σηστόν·
659 1701 778 1779 μετ’
821 1701 1000 1763 αὐτῶν
1042 1701 1102 1761 δὲ
1142 1703 1233 1760 καὶ
1274 1700 1617 1779 Ἀρταΰκτην
1659 1699 1959 1777 δεδεμένον,

271 1790 385 1847 120
403 1788 570 1849 αὐτόν
592 1816 656 1850 τε
683 1790 774 1849 καὶ
793 1790 894 1851 τόν
912 1790 1084 1849 παῖδα
1105 1789 1295 1849 αὐτοῦ.
1354 1790 1475 1848 Καί
1488 1814 1591 1868 τεῳ
1608 1792 1718 1849 τῶν
1738 1794 1961 1863 φυλασ-

363 1902 576 1937 σοντων
614 1878 842 1959 λέγεται
879 1878 988 1937 ὗπὸ
1038 1877 1517 1954 Χερσονησιτέων,
1559 1877 1820 1954 ταρίχους
1838 1900 1841 1903 ’
1860 1875 1959 1935 ὄπ-

359 1967 524 2025 τῶντι
567 1966 730 2043 τέρας
770 1965 1032 2044 γενέσθαι
1078 1964 1309 2025 τοιόνδε·
1369 1967 1422 2024 οἱ
1464 1962 1685 2043 τάριχοι
1716 1963 1833 2021 ’ἐπὶ
1883 1968 1960 2043 τῷ

361 2052 494 2127 πυρὶ
529 2053 768 2129 κείμενοι
806 2051 1123 2112 ἐπάλλοντό
1148 2077 1211 2113 τε
1238 2052 1330 2110 καὶ
1356 2052 1653 2128 ἤσπαιρον,
1682 2051 1819 2114 ὅκως
1855 2077 1959 2128 περ

364 2137 547 2215 ἰχθύες
573 2138 891 2198 νεοάλωτοι·
930 2139 1022 2197 καὶ
1049 2142 1102 2198 οἱ
1127 2141 1231 2216 μὲν
1249 2140 1634 2217 περιχυθέντες
1662 2138 1961 2215 ἐθώμαζον·

362 2225 396 2284 ὅ
452 2225 511 2282 δὲ
560 2224 901 2301 Ἀρταύκτης
948 2226 1018 2290 ὦς
1073 2226 1182 2286 εἶδε
1223 2226 1289 2286 r&
1337 2228 1515 2303 τέρας,
1564 2226 1812 2288 καλέσας
1862 2225 1963 2285 τᾶν

361 2309 616 2371 ὀπτῶντα
651 2312 780 2375 τούς
804 2314 1065 2392 ταρίχους
1093 2316 1221 2389 ἔφη·
1266 2324 1299 2349 “
1319 2314 1459 2383 ξεῖνε
1483 2314 1760 2389 Ἀθηναῖε,
1787 2313 1963 2389 μηδὲν

364 2399 552 2475 φοβέο
598 2400 662 2459 τό
700 2400 862 2477 τέρας
902 2401 1215 2461 τοῦτο·οὗ
1256 2427 1365 2481 γαρ
1404 2401 1500 2460 σοὶ
1538 2402 1773 2479 πέφῃνε·
1828 2398 1959 2457 ἀλλ’

359 2488 484 2564 ἐμοὶ
531 2488 791 2565 σημαίνει
845 2487 877 2548 ὁ
933 2493 990 2548 ἐν
1041 2487 1359 2548 Ἐλαιοῦντι
1412 2490 1829 2565 Πρωτεσίλεως,
1874 2484 1963 2545 ὅτι

367 2576 458 2634 καὶ
484 2577 713 2640 τεθνεῶς
739 2576 832 2635 καὶ
865 2576 1095 2654 τάριχος
1122 2574 1222 2636 ἐών
1250 2576 1479 2652 δύναμιν
1516 2575 1658 2653 πρός
1686 2576 1823 2635 θεῶν
1848 2574 1962 2653 ἔχει

357 2660 460 2723 τᾶν
483 2662 772 2723 ἀδικέοντα
797 2664 1066 2723 τίνεσθαι·
1097 2668 1194 2723 νῦν
1222 2661 1295 2723 ὧν
1322 2662 1527 2723 ἄποινά
1554 2666 1606 2723 οἱ
1630 2662 1763 2723 τάδε
1788 2662 1962 2721 ἐθέλω

365 2751 651 2811 ἐπιθεῖναι·
705 2749 829 2810 ‹iv-rt
871 2752 975 2828 μὲν
1009 2750 1312 2829 χρημάτων
1352 2754 1462 2811 τῶν
1504 2752 1719 2825 ἔλαβον
1758 2754 1819 2809 ἐκ
1860 2746 1961 2806 τοῦ

361 2840 500 2914 ἱροῦ,
543 2836 738 2897 ἐκατόν
778 2836 1028 2898 τάλαντα
1077 2839 1393 2897 καταθεῖναι
1433 2842 1510 2915 τῷ
1558 2838 1681 2916 θεῷ·
1744 2835 1867 2895 ἀντὶ
1914 2832 1962 2893 δ’

362 2928 633 2999 ἐμεωυτοῦ
661 2924 753 2982 καὶ
777 2929 878 2984 τοῦ
904 2923 1101 2987 παιδός
1127 2924 1401 2983 ἀποδώσω
1428 2924 1677 2984 τάλαντα
1704 2921 1965 2997 διηκόσια

359 3007 726 3086 Ἀθηναίοισι,
788 3010 1260 3090 περιγενόμενος.”
1341 3014 1517 3070 ταῦτα
1563 3008 1962 3087 ὖπισχόμενος,

359 3094 460 3155 τόν
485 3097 804 3177 στρατη-γόν
829 3097 1158 3159 Ξάνθιππον
1185 3096 1283 3154 οὐκ
1312 3098 1510 3155 ἔπειθε·
1554 3100 1609 3154 οἱ
1632 3096 1745 3175 γὰρ
1772 3095 1965 3153 Ἐλαι-

363 3181 546 3240 ούσιοι
569 3186 648 3261 τῷ
674 3183 1048 3260 Πρωτεσίλεῳ
1065 3183 1424 3259 τιμωρέοντες
1442 3182 1660 3242 ἐδέοντό
1678 3207 1777 3259 μιν
1796 3208 1965 3240 κατα-

361 3268 694 3341 χρησθῆναι,
732 3270 824 3326 καὶ
864 3268 1034 3329 αὐτοῦ
1071 3271 1174 3327 τοῦ
1214 3273 1535 3347 στρατηγοῦ
1564 3267 1739 3346 ταύτῃ
1772 3267 1805 3328 ὅ
1835 3267 1967 3331 νόος
