2259 3500
329 117 425 163 212
707 158 711 163 .
928 112 1298 162 ἭΡοΔοΤοτ·
1770 112 1925 176 [vn.

269 254 284 267 ‚
327 193 498 252 αὐτοῦ
537 190 986 265 ἀπαλλάξεσθαι,
1025 192 1180 251 ἀλλὰ
1224 194 1653 268 καταμείναντες
1686 195 1927 253 συναπέ-

329 281 512 340 θανον·
556 280 893 360 ἐστρατήγεε
921 280 980 339 δὲ
1007 279 1188 338 αὐτῶν
1216 280 1554 357 Δημόφιλος
1580 280 1927 358 Διαδρόμεω.

231 369 352 427 223
449 369 676 444 Ξέρξης
713 368 772 425 δὲ
827 368 944 426 ἐπεὶ
997 367 1163 443 ήλίου
1226 366 1617 431 α’,νατείλαντος
1680 369 1929 440 σπονδὰς

327 455 652 530 ἐποιήσατο,
683 454 932 533 ἐπισχὼν
957 453 1175 567 χρόνον,
1208 460 1263 517 ἐς
1294 454 1503 535 ἆγορῆς
1537 481 1638 513 κου
1672 456 1929 531 μάλιστα

327 543 630 621 πληθωρην
656 544 940 621 πρόσοδον
969 544 1233 602 ἐποιέετο·
1272 544 1365 601 καὶ
1387 543 1497 623 γοὶρ
1526 545 1842 603 ἐπέσταλτο
1870 545 1933 615 ἐξ

327 628 638 690 Ἐπιάλτεω
675 630 835 690 οὕτω·
879 630 990 689 α’,πο
1018 630 1144 722 γοὶρ
1176 634 1277 690 τοῦ
1311 629 1499 707 οὔρεος
1538 630 1575 706 ἦ
1615 631 1929 707 κατάβασις

327 720 718 827 συντομωτέρη
758 719 824 777 τέ
851 724 991 788 ἐστι,
1022 719 1113 777 καὶ
1140 718 1547 797 βραχύτερος
1516 745 1547 777 ο
1575 722 1757 797 χῶρος
1788 724 1929 779 πολ-

328 806 450 876 λόν,
491 805 632 884 ἤπερ
673 806 711 882 ἦ
755 806 1010 883 περίοδός
1049 832 1110 865 τε
1152 807 1245 864 καὶ
1285 806 1579 881 οἷνάβασις.
1667 806 1729 864 οἵ
1763 832 1825 869 τε
1860 803 1928 883 δη

328 894 618 972 βάρβαροι
661 898 716 953 οἱ
751 894 902 970 ἀμφὶ
939 893 1150 970 Ξέρξεα
1185 892 1524 970 προσήῖσαν,
1564 893 1657 951 καὶ
1692 896 1747 952 οἱ
1779 895 1929 971 αμφὶ

328 983 606 1057 Λεωνίδην
659 980 952 1056 Ἕλληνες,
1017 980 1088 1044 οἷς
1146 980 1250 1056 τὴν
1311 982 1421 1039 ἐπὶ-
1465 980 1681 1059 θανάτῳ
1744 981 1931 1050 ἔξοδον

329 1069 657 1145 ποιεύμενοι,
699 1066 805 1143 ἤδη
838 1072 1036 1147 πολλῷ
1079 1072 1305 1144 μᾶλλον
1340 1066 1375 1143 ἢ
1412 1067 1530 1127 κατ’
1567 1067 1743 1147 ἀρχὰς
1775 1070 1928 1139 ἐπεξ-

331 1155 501 1231 ήῖσαν
553 1161 608 1219 ἐς
646 1155 713 1214 τὰ
756 1154 1042 1233 εὐρύτερον
1088 1160 1190 1213 τοῦ
1236 1154 1483 1233 αὐχένος·
1547 1155 1615 1215 τό
1664 1158 1768 1232 μὲν
1817 1156 1928 1237 γαῖρ

331 1243 504 1319 ἔρυμα
540 1247 640 1302 τοῦ
677 1244 888 1320 τείχεος
929 1242 1311 1318 ἐφυλάσσετο,
1352 1246 1405 1302 οἱ
1443 1244 1503 1301 δὲ
1536 1242 1640 1303 οἷνᾶ
1672 1243 1770 1307 τοὶς
1795 1269 1929 1321 προ-

330 1330 492 1406 τέρας
519 1329 729 1407 ἠμέρας
753 1329 1064 1400 ὑπεξιόντες
1093 1336 1147 1393 ἐς
1174 1329 1245 1389 ταῖ
1272 1331 1607 1407 στεινόπορα
1634 1329 1928 1409 ἐμάχοντο.

330 1417 459 1477 τότε
513 1418 580 1493 δή
637 1418 1052 1500 συμμίσγοντες
1095 1418 1197 1488 ἔξω
1249 1422 1357 1478 τῶν
1412 1422 1657 1488 στεινῶν,
1701 1420 1929 1480 ἔπιπτον

333 1505 541 1581 πλήθεϊ
593 1505 803 1565 πολλοὶ
866 1510 977 1567 τῶν
1044 1505 1376 1583 βαρβάρων·
1458 1503 1662 1565 ὄπισθε
1712 1505 1824 1587 γὰρ
1876 1510 1930 1567 οἶ

331 1592 602 1674 ἡγεμόνες
639 1598 750 1653 τῶν
787 1594 990 1653 τελέων
1031 1594 1250 1671 ἔχοντες
1300 1592 1595 1672 μάστιγας,
1638 1591 1929 1670 ἐρράπιζον

330 1680 514 1741 πάντα
548 1680 720 1760 ἄνδρα
761 1682 868 1739 αἰεὶ
901 1686 955 1744 ἐς
989 1680 1054 1739 τὸ
1080 1680 1280 1759 πρόσω
1306 1680 1705 1758 ἐποτρύνοντες.
1789 1685 1926 1740 πολ-

331 1769 426 1828 λοὶ
462 1772 565 1846 μὲν
597 1769 666 1846 δὴ
703 1770 1007 1828 ἐσέπιπτον
1043 1767 1223 1828 αὐτῶν
1260 1773 1315 1831 ἐς
1347 1767 1452 1845 τὴν
1484 1767 1801 1839 θάλασσαν,
1838 1770 1929 1828 καὶ

333 1858 733 1934 διεφθείροντο·
801 1861 1001 1935 πολλῷ
1044 1852 1089 1914 δ’
1131 1857 1213 1915 ἔτι
1255 1860 1487 1920 πλεῦνες
1506 1893 1511 1899 ·
1529 1857 1929 1918 κατεπατέοντο

331 1945 519 2016 ζωοὶ“
486 1945 578 2004 υπ’
607 1944 894 2019 αλλήλων·
933 1942 1004 2020 ἦν
1039 1943 1099 2001 δὲ
1130 1942 1304 2024 λόγος
1339 1943 1515 2008 οὐδεὶς
1543 1947 1643 2004 τοῦ
1680 1943 1929 2004 απολλυ-

331 2033 520 2108 μένου.
601 2057 700 2091 ατε
751 2057 864 2111 γαρ
917 2030 1277 2107 ἐπιστάμενοι
1328 2057 1429 2091 τον
1479 2030 1765 2108 μέλλοντά
1816 2038 1929 2109 σφι

334 2121 566 2179 ἔσεσθαι
598 2118 836 2179 θάνατον
876 2122 936 2177 ἐκ
976 2121 1086 2178 τῶν
1124 2117 1445 2195 περιΐόντων
1483 2145 1549 2179 το
1592 2145 1769 2196 ουρος,
1797 2118 1927 2179 οἷπε-

332 2205 667 2264 δείκνυντοε
639 2205 827 2281 ρῶμης
851 2204 992 2264 ὅσον
1031 2205 1185 2284 εἶχον
1220 2207 1491 2287 μέγιστον
1532 2212 1588 2269 ἐς
1624 2231 1754 2269 τους
1784 2210 1927 2286 βαρ-

236 2294 354 2352 224
370 2290 598 2368 βάρους,
632 2292 1092 2371 παραχρεώμενοί
1117 2319 1183 2352 τε
1218 2294 1311 2352 καὶ
1352 2293 1613 2356 ἀτέοντες.
1701 2294 1928 2372 Δόρατα

329 2379 434 2456 μέν
491 2403 587 2438 νυν
646 2383 800 2439 τοῖσι
862 2380 1161 2440 πλεόνεσιν
1220 2381 1399 2441 αὐτῶν
1460 2386 1759 2458 τηνικαῦτα
1820 2383 1931 2459 ἤδη

331 2465 598 2546 ἐτύγχανε
624 2467 953 2549 κατεηγότα,
977 2471 1038 2528 οἱ
1067 2469 1128 2528 δὲ
1166 2473 1321 2528 τοῖσι
1358 2469 1553 2545 ξίφεσι
1578 2469 1931 2552 διεργάζοντο

329 2553 459 2617 τούς
501 2555 749 2632 Πέρσας·
806 2556 898 2614 καὶ
931 2555 1209 2631 Λεωνίδης
1248 2582 1312 2616 τε
1344 2562 1403 2616 ἐν
1442 2556 1617 2636 τούτῳ
1660 2561 1737 2636 τῷ
1777 2557 1929 2638 πόνῳ

330 2642 536 2713 πίπτει,
591 2642 732 2720 οἷνήρ
784 2642 1077 2723 γενόμενος
1129 2641 1374 2719 ἄριστος,
1436 2644 1528 2703 καὶ
1583 2644 1759 2721 ἕτεροι
1808 2645 1928 2721 μετ’

332 2729 499 2789 αὐτοῦ
535 2729 843 2808 ὀνομαστοὶ
882 2731 1289 2807 Σπαρτιητέων,
1315 2734 1427 2790 τῶν
1464 2731 1573 2812 ἐγώ
1611 2730 1682 2795 ὥς
1716 2731 1930 2808 ἀνδρῶν

331 2815 496 2886 σ’,ξίων
534 2820 842 2899 γενομένων
877 2817 1165 2894 ἐπυθόμην
1198 2819 1271 2878 τοὶ
1306 2816 1605 2896 οὐνόματα·
1648 2818 1936 2897 ἐπυθόμην

331 2903 392 2962 δὲ
419 2905 512 2964 καὶ
537 2904 794 2966 ἁπάντων
811 2909 924 2965 τῶν
945 2904 1298 2981 τριηκοσίων·
1341 2905 1433 2964 καὶ
1459 2905 1527 2981 δή
1551 2904 1643 2964 καὶ
1664 2907 1934 2983 Περσέων

328 2993 602 3052 πίπτουσι
643 2995 878 3054 ἐνθαῦτα
912 2991 1084 3051 ἄλλοι
1118 3002 1181 3051 τ“ε
1220 2993 1432 3052 πολλοὶ
1473 2993 1566 3051 καὶ
1604 2991 1927 3069 ὀνομαστοὶ,

331 3083 390 3138 ἐν
415 3079 476 3138 δὲ
501 3080 570 3156 δὴ
600 3082 694 3140 καὶ
721 3080 961 3159 Δαρείου
993 3079 1092 3139 δύο
1121 3079 1331 3149 παῖδες,
1358 3078 1719 3157 Ἀβροκόμης
1748 3106 1812 3140 τε
1838 3081 1937 3139 καὶ

329 3163 690 3244 Ὑπεράνθης,
719 3173 780 3227 ἐκ
813 3173 915 3244 τῆς
937 3165 1215 3242 Ἀρτάνεω
1242 3167 1514 3248 θυγατρὸς
1538 3166 1938 3246 Φραταγούνης

329 3253 620 3331 γεγονότες
646 3257 882 3335 Δαρείῳ·
923 3254 956 3314 ὁ
997 3254 1057 3313 δὲ
1095 3252 1369 3330 ῗΑρτάνης
1409 3253 1648 3330 Δαρείου
1686 3255 1795 3326 μὲν
1828 3257 1935 3312 τοῦ
