2259 3500
315 129 379 176 24
789 137 793 141 ·
939 123 1309 174 *HPvomo‘r
1827 120 1923 188 [V.

309 210 368 270 ἐς
403 205 678 284 διώρυχας
709 203 976 282 ἑξήκοντα
1003 204 1096 262 καὶ
1120 205 1459 282 τριηκοσίας.
1546 208 1606 264 ἐκ
1638 203 1699 263 δὲ
1723 202 1927 281 ταύτης

308 298 410 369 τῆς
458 293 752 371 Ἀρμενίης
805 291 1161 369 ε’σβοὶλλοντι
1214 297 1269 356 ἐς
1318 292 1421 370 τὴν
1462 289 1759 368 Ματιηνὴν
1798 297 1924 372 γῆν,

311 383 563 460 σταθμοί
585 386 696 441 εἰσι
715 381 1001 458 τέσσερες.
1061 385 1121 440 ἐκ
1150 379 1210 439 δὲ
1234 379 1438 456 ταύτης
1455 385 1509 443 ἐς
1532 377 1639 456 τήν
1668 380 1924 456 Κισσίην

308 471 498 550 χώρην
539 469 956 547 μεταβαίνοντι,
1001 469 1194 528 ἕνδεκα
1241 469 1505 545 σταθμοὶ,
1554 466 1925 550 παρασάγγαι

309 558 370 618 δὲ
395 554 497 622 δύο
522 558 613 618 καὶ
640 556 1056 633 τεσσεράκοντα
1084 557 1175 616 καὶ
1202 555 1381 634 ἥμισύ
1402 562 1527 616 ἐστι
1552 555 1644 614 ε’πὶ
1664 556 1924 634 ποταμὸν

309 645 609 723 Χοάσπην,
653 645 816 707 ε’όντα
870 647 964 705 καὶ
1005 650 1207 706 τοῦτον
1255 647 1683 723 νηυσιπέρητον·
1747 645 1833 704 ἐπ’
1880 642 1925 724 ᾧ

312 735 510 798 Σοῦσα
532 734 701 798 πόλις
729 733 1096 795 πεπόλισται.
1180 732 1335 794 οὗτοι
1362 737 1415 794 οἱ
1441 733 1645 795 πάντες
1670 733 1930 811 σταθμοί

312 826 425 881 εἶσι
453 823 644 882 ἕνδεκα
663 822 756 882 καὶ
783 822 998 883 ἑκατόν.
1057 822 1376 905 καταγωγαὶ
1400 823 1506 898 μέν
1532 847 1628 882 νυν
1650 823 1923 900 σταθμῶν

211 913 291 970 53
311 913 590 971 τοσαῦταί
607 915 718 970 εἶσι
745 915 806 970 ἐκ
836 911 1084 988 Σαρδίων
1110 916 1167 974 ἐς
1196 911 1391 975 Σοῦσα
1410 908 1793 987 ἀναβαίνοντι.
1849 915 1925 972 Εἰ

309 999 370 1058 δὲ
401 998 577 1078 ὀρθῶς
607 1000 951 1077 μεμέτρηται
984 997 1023 1074 ἦ
1062 998 1191 1062 ὁδὸς
1229 997 1268 1074 ἦ
1308 998 1594 1075 βασιληίη
1625 1001 1779 1060 τοῖσι
1816 1024 1921 1057 πα-

309 1087 656 1170 ρασάγγῃσι,
713 1087 805 1145 καὶ
857 1086 890 1147 ὁ
939 1086 1315 1168 παρασάγγης
1350 1084 1583 1146 δύναται
1622 1086 1921 1164 τριήκοντα

309 1175 532 1244 στάδια,
568 1175 758 1253 ὥσπερ
791 1173 952 1237 οὗτός
985 1201 1054 1256 γε
1093 1173 1321 1234 δύναται
1356 1179 1549 1245 ταῦτα,
1580 1179 1640 1233 ἐκ
1674 1175 1922 1252 Σαρδίων

316 1263 572 1322 στάδιά’
545 1289 670 1324 εστι
698 1267 752 1326 ἐς
777 1289 850 1322 τα
873 1263 1164 1339 βασιλήῖα
1188 1289 1261 1322 τα
1286 1261 1581 1340 Μεμνόνια
1609 1262 1921 1338 καλεόμενα

309 1349 653 1411 πεντακόσια
690 1351 782 1410 καὶ
817 1351 1112 1430 τρισχίλια
1149 1351 1241 1409 καὶ
1280 1349 1469 1428 μύρια,
1508 1353 1921 1432 παρασαγγέων

309 1439 510 1501 ἐόντων
546 1438 889 1515 πεντήκοντα
924 1439 1015 1498 καὶ
1051 1439 1443 1517 τετρακοσίων·
1485 1438 1828 1515 πεντήκοντα
1862 1441 1921 1500 δὲ

312 1527 404 1586 καὶ
430 1527 624 1588 εκατόν
651 1527 907 1590 στάδια’
881 1526 966 1587 επ’
991 1527 1173 1606 ημέρῃ
1202 1527 1411 1606 ἑκάστῃ
1445 1527 1728 1599 διεξιοῦσι,
1768 1526 1919 1588 οἷναι-

215 1617 292 1674 54
312 1619 610 1692 σιμοΰνται
662 1615 866 1694 ἡμέραι
918 1615 1126 1693 ἀπαρτὶ
1175 1615 1547 1692 ἐννενήκοντα.
1635 1615 1797 1676 Οὕτω
1841 1618 1920 1696 τῷ

309 1706 580 1785 Μιλησίῳ
605 1704 1004 1787 Ἀρισταγόρῃ,
1037 1706 1252 1767 εἴπαντι
1283 1705 1425 1783 πρὸς
1457 1705 1786 1783 Κλεομένεα
1820 1705 1921 1767 τὸν

311 1794 753 1872 Λακεδαιμόνιον
798 1794 938 1855 εἶναι
984 1798 1151 1872 τριῶν
1203 1798 1391 1872 μηνῶν
1430 1792 1537 1868 τήν
1578 1793 1777 1852 ἄνοδον
1816 1794 1920 1871 τήν

309 1884 465 1961 παροὶ
485 1884 758 1959 βασιλέα,
783 1882 960 1959 ὀρθῶς
988 1884 1192 1959 εἴρητο.
1253 1886 1299 1941 εἰ
1324 1882 1387 1940 δέ
1410 1908 1493 1944 τις
1510 1882 1574 1941 τό
1595 1880 1918 1958 ἀτρεκέστε-

309 1997 410 2047 ρον
435 1969 646 2029 τούτων
675 1970 754 2029 ἔτι
781 1968 1012 2044 δίζηται,
1042 1969 1151 2051 ε’γῶ
1186 1970 1277 2029 καὶ
1303 1973 1471 2029 τοῦτο
1506 1970 1788 2047 σημανέω·
1815 1970 1919 2047 τήν

307 2057 420 2138 γὰρ
449 2056 512 2126 ἐξ
535 2056 790 2132 Ἐφέσου
823 2061 878 2121 ἐς
914 2056 1116 2135 Σάρδις
1145 2056 1276 2117 ὁδὸν
1303 2056 1387 2115 δεῖ
1410 2058 1920 2137 προσλογίσασθαι

310 2144 502 2225 ταύτῃ·
588 2144 682 2203 καὶ
737 2143 805 2220 δή
854 2146 1004 2226 λέγω
1057 2138 1325 2208 σταδίους·
1361 2145 1499 2205 εἶναι
1538 2144 1667 2207 τους
1707 2146 1919 2211 πάντας

311 2231 424 2293 οἷπό
453 2230 754 2309 θαλάσσης
779 2236 883 2309 τῆς
905 2233 1245 2311 Ἑλληνικῆς
1264 2234 1433 2311 μέχρι
1455 2233 1703 2303 Σούσων,
1728 2234 1918 2315 (τοῦτο

308 2319 422 2401 γσῖρ
465 2320 785 2397 Μεμνόνιον
826 2348 972 2382 αστυ
1015 2320 1318 2402 καλέεται,)
1365 2320 1783 2399 τεσσεράκοντα
1826 2326 1919 2385 καὶ

311 2409 795 2509 τετρακισχιλίους
832 2411 924 2469 καὶ
960 2410 1305 2487 μυρίους·οἶ
1341 2410 1451 2491 γοὶρ
1492 2411 1554 2481 ἐξ
1575 2410 1828 2487 Ἐφέσου
1865 2418 1919 2473 ἐς

313 2488 515 2567 Σάρδις
547 2490 657 2548 εἰσὶ
691 2490 1108 2568 τεσσεράκοντα
1142 2491 1235 2549 καὶ
1270 2491 1632 2552 πεντακόσιοι
1675 2493 1917 2553 στάδιοι·

313 2577 404 2635 καὶ
431 2576 572 2637 οὕτω
597 2580 751 2656 τρισὶ
777 2580 1022 2661 ἡμέρῃσι
1047 2578 1350 2656 μηκύνεται
1375 2579 1412 2655 ἦ
1438 2580 1703 2656 τρίμηνος
1729 2579 1876 2643 ὁδός.

216 2667 294 2725 55
389 2665 870 2744 Ἀπελαυνόμενος
905 2670 964 2729 δὲ
991 2666 1022 2727 ὅ
1053 2666 1464 2748 Ἀρισταγόρης
1500 2671 1559 2724 ἐκ
1597 2670 1699 2741 τῆς
1733 2666 1918 2743 Σπάρ-

310 2780 425 2829 της,
473 2753 558 2829 ἤῖε
605 2758 658 2817 ἐς
699 2756 800 2819 τοὶς
845 2755 1088 2831 Ἀθήνας
1141 2754 1443 2837 γενομένας
1482 2753 1760 2830 τυράννων
1816 2753 1920 2815 ὦδε

313 2843 624 2919 ἐλευθέρας·
653 2843 772 2902 ἐπεὶ
780 2842 1100 2923 Ἵππαρχον
1118 2842 1219 2905 τόν
1239 2842 1676 2919 Πεισιστράτου,
1694 2841 1919 2902 Ἱππίεω

310 2931 370 2990 δὲ
393 2934 498 2991 τοῦ
523 2930 792 3010 τυράννου
831 2930 1130 3009 ἀδελφεὰν,
1164 2932 1354 2993 ἰδόντα
1388 2930 1518 3010 ὅψιν
1561 2932 1814 2992 ἐνυπνίου
1843 2934 1920 3009 τῷ

311 3023 514 3081 ἑωυτοῦ
534 3022 702 3081 πάθεϊ
729 3021 1157 3103 ἐναργεστάτην,
1190 3023 1469 3097 κτείνουσι
1489 3020 1920 3102 Ἀριστογείτων

315 3109 408 3167 καὶ
441 3108 754 3188 Ἀρμόδιος,
781 3112 942 3192 γένος
977 3108 1156 3174 ε’όντες
1191 3108 1259 3169 vd
1294 3108 1559 3170 ἀνέκαθεν
1597 3111 1919 3185 Γεφυραῖοι,

317 3198 452 3257 weard
476 3204 654 3259 ταῦτα
674 3198 1091 3277 ἐτυραννεύοπο
1110 3198 1401 3276 Ἀθηναῖοι
1423 3198 1507 3258 ἐπ’
1530 3200 1654 3258 ἔτεα
1673 3196 1921 3270 τέσσερα

391 3284 474 3344 ’ὲν
499 3286 706 3363 ἧσσον,
733 3287 890 3347 ἀλλὰ
911 3288 1004 3347 καὶ
1029 3293 1274 3365 μᾶλλον,
1303 3286 1340 3365 ἢ
1366 3287 1478 3366 πρὸ
1504 3290 1628 3347 τοῦ.
1701 3282 1776 3340 Ἡ
1816 3281 1925 3357 μέν
