2259 3500
296 117 392 166 164
854 172 859 177 ,
910 112 1275 161 ἯΡοΔοτοτ
1741 111 1896 177 [v11.

294 193 522 271 δεύτερα
550 189 759 253 τούτων
783 192 1172 268 παραμείβετο
1194 190 1384 268 τείχεα
1407 215 1480 249 τα
1512 191 1751 268 Πιέρων·
1791 198 1903 254 τῶν

295 283 388 341 καὶ
425 283 503 341 ἐνὶ
534 280 761 359 Φαγρης
802 280 926 339 ἐστὶ
968 278 1195 355 οὕνομα,
1240 280 1331 337 καὶ
1371 279 1534 356 ἑτέρῳ
1577 280 1908 391 Πέργαμος·

292 370 467 447 ταύτῃ
493 372 596 445 μὲν
623 368 691 443 δὴ
712 367 843 444 παρ’
865 367 1005 427 αὐτὰ
1030 394 1101 427 τα
1129 366 1319 445 τείχεα
1343 364 1450 441 τήν
1477 366 1660 426 ὁδόν’
1635 369 1900 440 ἐποιέετο,

295 463 356 517 ἐκ
404 458 583 533 δεξιῆς
629 455 794 534 χερός
832 456 899 515 τὰ
948 454 1246 535 Παγγαιον
1287 479 1450 530 ουρος
1491 452 1764 565 οἷπέργων,
1807 457 1902 517 ἐὸν

293 546 441 626 μέγα
471 571 534 605 τε
572 544 664 603 καὶ
695 542 936 621 υψηλόν·
978 548 1037 603 ἐν
1066 547 1146 620 τῷ
1179 540 1397 620 χρύσεά
1429 568 1492 600 τε
1528 544 1618 601 καὶ
1655 541 1900 623 ἀργύρεα

295 635 373 692 ἔνι
397 634 672 709 μέταλλα,
700 657 787 691 τα-
809 632 1068 707 νέμονται
1100 629 1302 706 Πίερές
1332 654 1394 687 τε
1427 629 1520 687 καὶ
1543 628 1897 705 Ὀδόμαντοι,

202 722 230 779 1
244 723 316 780 13
336 722 427 779 καὶ
458 720 715 796 μάλιστα
750 717 980 795 Σάτραι.
1061 716 1514 793 εΥπεροιικέοντας
1545 716 1606 775 δὲ
1639 716 1706 776 τὰ
1741 718 1899 799 Πάγ-

293 834 454 889 γαιον
484 807 627 885 πρός
662 807 847 884 βορέω
884 805 1089 881 οἷνέμου
1124 804 1375 867 Παίονας
1407 804 1677 880 Δόβηράς
1711 830 1775 864 τε
1807 808 1900 864 καὶ

295 896 596 958 Παιόπλας
621 894 913 973 παρεξιών,
939 893 1028 969 ἤϊε
1052 892 1196 970 πρός
1221 892 1483 968 ἑσπέρην·
1527 897 1582 955 ἐς
1609 891 1641 951 ὃ
1667 891 1898 953 οἷπίκετο

296 986 388 1045 ἐπὶ
417 982 673 1059 ποταμόν
703 1009 766 1041 τε
798 980 1091 1059 Στρυμόνα
1124 981 1217 1040 καὶ
1251 980 1421 1040 πόλιν
1444 978 1657 1053 Ἠϊόνα,
1680 984 1781 1055 τῆς
1818 983 1898 1041 ἔτι

296 1074 432 1143 ζωός
464 1072 565 1131 ε’ὢν
596 1070 737 1148 ἦρχε
767 1068 971 1150 Βόγης,
997 1073 1097 1129 τοῦ
1126 1094 1233 1145 περ
1261 1067 1438 1149 ὀλίγῳ
1469 1066 1742 1145 πρότερον
1771 1069 1895 1129 τού-

294 1184 401 1217 των
426 1158 602 1237 λόγον
630 1156 945 1233 ἐποιεύμην·
985 1156 1022 1231 ἦ
1050 1156 1110 1215 δὲ
1140 1160 1217 1236 γῆ
1245 1155 1384 1231 αὕτη
1409 1154 1447 1231 ἦ
1479 1155 1606 1232 περὶ
1636 1156 1702 1216 vd
1737 1155 1896 1237 Πάγ-

294 1272 456 1326 γαιον
496 1243 624 1321 ὅρος
666 1244 923 1302 καλέεται
958 1244 1190 1306 Φυλλίς·
1232 1243 1648 1314 κατατείνουσα,
1682 1243 1754 1303 τοὶ
1792 1247 1897 1321 μὲν

295 1332 439 1410 πρὸς
482 1332 735 1409 ἑσπέρην,
784 1332 873 1391 ἐπὶ
916 1330 1174 1407 ποταμόν
1214 1329 1480 1411 Ἀγγίτην
1521 1330 1801 1391 ἐκδιδόντα
1841 1338 1897 1396 ἐς

294 1420 395 1481 τὸν
420 1419 732 1496 Στρυμόνα·
773 1418 844 1478 τοὶ
881 1419 941 1478 δὲ
970 1418 1111 1496 πρός
1136 1419 1517 1495 μεσαμβρίην,
1545 1420 1807 1479 τείνουσα
1840 1426 1895 1484 ἐς

296 1507 464 1569 αὕτὸν
497 1507 597 1568 τᾶν
628 1506 938 1584 Στρυμόνα,
968 1512 1023 1571 ἐς
1051 1506 1152 1567 τᾶν
1188 1509 1242 1565 οἱ
1279 1505 1474 1587 Μάγοι
1504 1509 1894 1584 ἐκαλλιρέοντο

205 1599 232 1654 l
246 1598 321 1655 14
336 1596 650 1673 σφάζοντες
704 1596 904 1658 ἵππους
955 1594 1205 1657 λευκούς.
1285 1595 1782 1671 Φαρμακεύσαντες
1835 1598 1896 1655 δὲ

293 1688 471 1743 ταῦτα
502 1688 558 1747 ἐς
595 1682 697 1745 τᾶν
737 1683 1009 1760 ποταμόν,
1044 1682 1137 1741 καὶ
1175 1680 1330 1741 ἅλλα
1368 1682 1562 1741 πολλοὶ
1591 1682 1734 1761 πρός
1771 1684 1892 1743 τού-

292 1798 462 1843 τοισι,
504 1777 563 1832 ἐν
600 1770 794 1832 Ἐννέα
833 1771 1055 1830 Ὀδοῖσι
1092 1773 1230 1849 τῇσι
1267 1769 1527 1831 Ἠδωνῶν
1566 1771 1894 1848 ἐπορεύοντο

297 1860 437 1920 κατ-οἰ
458 1859 559 1922 τοὶς
577 1858 839 1939 γεφύρας,
855 1859 955 1918 τόν
972 1857 1266 1936 Στρυμόνα
1287 1857 1534 1936 εὖρόντες
1554 1860 1892 1940 ἐζευγμένον.

293 1946 490 2007 Ἐννέα
536 1947 596 2005 δὲ
641 1945 841 2008 Ὀδούς
881 1944 1286 2023 πυνθανόμενοι
1327 1945 1427 2005 τόν
1470 1951 1653 2025 χῶρον
1697 1951 1896 2009 τοῦτον

297 2034 618 2105 καλέεσθαι,
647 2031 949 2095 τοσούτους
985 2037 1043 2092 ἐν
1078 2032 1226 2110 αὐτῷ
1249 2033 1450 2096 παῖδάς
1475 2060 1537 2093 τε
1568 2035 1659 2093 καὶ
1692 2037 1894 2113 παρθέ-

298 2148 423 2184 νους
468 2120 681 2196 ἀνδρῶν
720 2125 830 2180 τῶν
876 2121 1181 2198 ἐπιχωρίων
1228 2119 1465 2190 ζώοντας
1511 2122 1894 2199 κατώρυσσον.

299 2207 607 2290 (Περσικόν
659 2208 720 2268 δὲ
771 2208 837 2268 τό
892 2208 1129 2278 ζώοντας
1183 2209 1571 2286 κατορύσσειν·
1635 2211 1754 2270 ἐπεὶ
1805 2214 1896 2271 καὶ

286 2298 607 2373 Ἀμηστριν
630 2295 735 2371 τὴν
759 2296 977 2373 Ξέρξεω
1000 2299 1238 2376 γυναῖκα
1267 2296 1616 2375 πυνθάνομαι
1646 2298 1896 2379 γηράσα-

298 2410 409 2444 σαν
454 2384 535 2446 δὶς
586 2383 727 2444 ἐπτᾶ.
774 2385 1042 2462 Περσέων
1088 2383 1290 2446 παῖδας
1343 2384 1542 2444 ἐόντων
1590 2388 1898 2462 ἐπιφανέων

296 2470 505 2548 ἀνδρῶν
529 2470 669 2547 ὑπὲρ
692 2475 899 2547 ’ἑωυτῆς
930 2475 1007 2549 τῷ
1032 2471 1146 2531 §ard
1172 2476 1282 2552 γῆν
1308 2473 1594 2552 λεγομένῳ
1621 2473 1760 2535 εἶναι
1793 2474 1902 2555 θεῷ

299 2558 751 2638 ἀντιχαρίζεσθαι
780 2558 1294 2637 κατορύσσουσαν.)

205 2650 318 2707 115
426 2646 524 2710 Ὡς
549 2646 610 2705 δὲ
640 2646 753 2705 ἅπό
784 2649 885 2708 τοῦ
923 2645 1240 2724 Στρυμόνος
1266 2646 1557 2723 ἐπορεύετο
1583 2647 1617 2708 ὅ
1643 2650 1900 2726 στρατός,

298 2736 535 2795 ἐνθαῦτα
574 2733 716 2811 πρός
754 2733 920 2810 ήλίου
962 2734 1215 2811 δυσμέων
1257 2735 1380 2793 ἐστὶ
1417 2735 1691 2815 αἰγιαλός,
1731 2742 1789 2796 ἐν
1827 2743 1906 2816 τῷ

296 2822 593 2899 οἰκημένην
620 2822 897 2904 Ἀργιλον
936 2821 1107 2882 πόλιν
1146 2821 1402 2880 Ἑλλάδα
1439 2823 1726 2900 παρεξήῖε·
1763 2826 1904 2902 αὕτη

296 2910 358 2968 δὲ
411 2911 503 2968 καὶ
560 2910 597 2985 ἦ
652 2909 961 2987 κατύπερθε
1013 2909 1218 2985 ταύτης
1282 2910 1543 2970 καλέεται
1598 2914 1902 2988 Βισαλτίη·

299 2999 551 3058 ἐνθεῦτεν
571 2999 647 3066 δὲ,
670 2999 885 3057 κόλπον
905 2997 1004 3057 τὸν
1025 2998 1117 3057 ἐπὶ
1145 2997 1488 3073 Ποσειδηΐου
1516 2998 1579 3067 ἐξ
1601 2998 1905 3077 ἀριστερῆς

294 3085 459 3162 χερὸς
486 3085 641 3164 ἔχων,
668 3086 755 3162 ἤϊε
788 3086 880 3146 διοὶ
916 3085 1127 3148 Συλέος
1151 3085 1343 3144 πεδίου
1371 3088 1728 3164 καλεομένου,
1759 3087 1902 3153 Στά-

296 3196 482 3250 γειρον
517 3172 688 3233 πόλιν
718 3172 973 3232 Ἑλλάδα
1008 3171 1518 3249 παραμειβόμενος,
1549 3174 1641 3232 καὶ
1673 3175 1906 3237 ἀπίκετο

299 3261 354 3316 ἐς
368 3256 650 3319 *Ακανθον
666 3259 783 3335 ἅμα
798 3259 1071 3341 ἀγόμενος
1084 3259 1293 3319 τούτων
1311 3259 1549 3319 ἕκαστον
1561 3265 1674 3321 τῶν
1688 3263 1902 3331 ἐθνέων,
