2259 3500
370 139 588 203 47-50]
989 131 1369 186 RAAA101111.
1869 135 1966 185 305

367 215 439 293 δή
465 217 776 298 φεύγοντας
801 214 896 275 καὶ
919 213 1127 276 στάσιν
1155 213 1571 278 ἐκλείποντας“
1534 214 1707 292 υμέας
1732 213 1967 292 εἴδομεν,
2026 253 2054 280 4

369 309 428 366 ἐν
450 304 807 381 Ἀθηναίοισί
825 329 888 363 τε
910 303 1016 379 τὴν
1039 302 1349 382 πρόπειραν
1372 303 1742 379 ποιευμένους,
1770 300 1970 366 αὐτούς

366 419 429 452 τε
455 392 614 452 ἀντία
639 392 854 451 δούλων
887 395 998 452 τῶν
1036 391 1317 468 ημετέρων
1346 391 1752 467 τασσομένους·
1792 394 1969 450 ταῦτα

367 479 618 558 οὖδαμῶς
641 479 854 558 ἀνδρῶν
880 478 1106 560 οἷγαθῶν
1134 480 1287 560 ἔργα·
1330 477 1482 538 ἀλλὰ
1508 480 1782 538 πλεῖστον
1814 477 1883 553 δὴ
1912 483 1970 538 ἐν

365 568 495 644 ι’·μῖν
535 567 906 646 ἐψεύσθημεν.
987 565 1427 644 προσδεκόμενοι
1464 565 1574 645 γοῖρ
1609 563 1749 625 κατὰ
1786 565 1966 636 κλέος,

368 656 438 719 ὥς
473 655 542 732 δή
579 657 828 735 πέμψετε
865 660 921 720 ἐς
953 654 1129 732 ἡμέας
1166 653 1377 732 κήρυκα
1410 653 1852 731 προκαλεύμενοι
1876 656 1969 712 καὶ

365 744 708 820 βουλόμενοι
773 743 1033 821 μούνοισι
1101 741 1368 820 Πέρσῃσι
1432 741 1733 820 μάχεσθαι,
1788 739 1968 818 ἄρτιοι

367 829 547 893 ἐόντες
579 833 786 891 ποιέειν
821 835 1014 904 ταῦτα,
1049 829 1207 890 οῦδὲν
1240 833 1460 890 τοιοῦτο
1494 829 1763 910 λέγοντας
1796 828 1967 905 ὑμέας

367 917 609 995 εὕρομεν,
637 918 795 978 ἀλλὰ
819 918 1187 980 πτώσσοντας
1210 921 1455 994 μᾶλλον.
1537 920 1635 976 νῦν
1673 916 1747 976 ὧν
1777 916 1967 992 ἐπειδὴ

367 1005 466 1064 οὐκ
511 1005 666 1084 ὖμεῖς
716 1005 921 1083 ἤρξατε
971 1005 1174 1065 τούτου
1225 1009 1328 1064 τοῦ
1381 1003 1574 1085 λόγου,
1620 1003 1751 1063 ἀλλ’
1805 1003 1967 1081 ἡμεῖς

363 1091 625 1172 ἄρχομεν,
650 1095 712 1153 τί
733 1093 802 1170 δὴ
831 1093 896 1153 οὗ
921 1093 1033 1172 πρὸ
1067 1095 1172 1170 μὲν
1195 1097 1306 1152 τῶν
1329 1091 1619 1169 Ἑλλήνων
1649 1091 1823 1169 ὑμεῖς,
1848 1093 1975 1151 ἐπεί

363 1205 426 1240 τε
459 1181 768 1252 δεδόξωσθε
801 1180 941 1242 εἶναι
979 1181 1220 1260 ἄριστοι,
1256 1181 1367 1258 πρὸ
1408 1180 1469 1238 δὲ
1504 1185 1615 1240 τῶν
1653 1179 1967 1294 βαρβάρων

361 1267 536 1346 ἡμεῖς,
567 1295 684 1330 ισοι
709 1297 851 1348 προς
877 1271 1038 1334 ἴσους
1067 1268 1305 1348 α’,ριθμόν
1329 1268 1736 1348 μαχεσόμεθα,
1781 1268 1873 1326 καὶ
1897 1266 1967 1345 ἢν

362 1359 466 1433 μὲν
491 1357 654 1436 δοκέῃ
683 1359 776 1417 καὶ
806 1358 936 1421 τούς
971 1357 1183 1420 ἄλλους
1216 1355 1521 1434 μάχεσθαι,
1551 1359 1603 1415 οἱ
1625 1355 1681 1414 ”’δ
1710 1353 1784 1415 ὦν
1809 1356 1965 1432 μετέ-

363 1467 527 1502 πειτα
561 1434 931 1523 μαχέσθων“
898 1469 1144 1522 υστεροι·
1188 1448 1236 1502 εἰ
1271 1443 1331 1501 δὲ
1366 1467 1458 1501 και
1494 1442 1574 1519 μὴ
1612 1443 1809 1511 δοκέοι,
1837 1442 1969 1502 ἄλλ’

362 1528 538 1605 ημέας
581 1531 817 1607 μούνους
862 1531 1134 1612 ἀποχρᾶν,
1175 1530 1335 1608 ημεῖς
1382 1529 1442 1588 δε
1488 1529 1965 1608 διαμαχεσάμεθα·

363 1615 615 1693 οκότεροι
652 1618 697 1678 δ’
733 1617 801 1679 ἂν
833 1619 1018 1696 ήμέων
1052 1615 1343 1694 νικήσωσι,
1380 1616 1610 1680 τούτους
1644 1621 1721 1695 τῷ
1764 1615 1967 1700 ἅπαντι

363 1707 764 1786 στρατοπέδῳ
775 1712 941 1768 νικᾶν.
947 1705 980 1726 ”
1059 1707 1128 1766 Ὁ
1171 1709 1290 1784 μὲν,
1332 1709 1507 1766 ταῦτα
1548 1705 1705 1769 εἶπας
1756 1730 1819 1765 τε
1868 1706 1961 1766 καὶ
1982 1709 2057 1768 49

365 1795 613 1873 ἐπισχων
664 1796 884 1873 χρόνον,
941 1794 1010 1860 ὥς
1067 1798 1122 1856 οἱ
1183 1794 1357 1858 οὐδεὶς
1415 1794 1572 1855 οὐδὲν
1626 1792 1964 1871 ὕπεκρίνετο,

362 1879 778 1943 ἀπαλλάσσετο
818 1882 1020 1943 όπίσω·
1090 1883 1351 1944 ἀπελθών
1391 1882 1451 1941 δὲ
1498 1880 1764 1959 ἐσήμαινε
1806 1888 1965 1959 Μαρ-

362 1968 522 2051 δονίῳ
561 1971 634 2031 ταῖ
677 1971 1094 2049 καταλαβόντα·
1146 1971 1177 2032 ὁ
1223 1971 1282 2029 δὲ
1325 1969 1629 2050 περιχαρὴς
1669 1969 1967 2051 γενόμενος

363 2058 454 2117 καὶ
489 2060 744 2137 ἐπαρθεὶς
779 2064 970 2139 ψυχρῇ
997 2062 1138 2141 νίκῃ,
1174 2062 1346 2135 ἐπῆκε
1378 2059 1483 2134 τήν
1521 2060 1693 2119 ἵππον
1720 2058 1811 2117 ἐπὶ
1835 2057 1967 2121 τούς

359 2142 657 2223 Έλληνας·
721 2146 792 2209 ὥς
835 2148 894 2206 δὲ
942 2147 1241 2223 ἐπήλασαν
1287 2150 1341 2205 οἱ
1388 2146 1635 2218 ἱππόται,
1688 2146 1967 2207 ἐσινεοντο

359 2236 556 2292 πᾶσαν
579 2232 683 2307 τὴν
709 2233 984 2309 στρατιήν
1017 2233 1120 2308 τὴν
1151 2234 1491 2309 Ἑλληνικὴν
1523 2226 1967 2307 ἐσακοντίζοντές

361 2342 424 2377 τε
465 2320 557 2377 καὶ
596 2318 926 2389 τοξεύοντες,
963 2318 1108 2379 ὥστε
1158 2320 1521 2387 ἱπποτοξόται
1564 2347 1628 2381 τε
1662 2322 1843 2386 ἐόντες
1875 2324 1967 2381 καὶ

359 2404 854 2482 προσφέρεσθαι”
817 2431 1038 2482 αποροι·
1063 2405 1169 2481 τήν
1186 2430 1249 2463 τε
1269 2407 1471 2482 κρήνην
1490 2409 1595 2483 τήν
1615 2412 1963 2490 Γαργαφίην,

361 2490 457 2549 ἀπ’
487 2490 554 2567 ἧς
593 2491 849 2569 ὑδρεύετο
891 2496 1003 2552 πᾶν
1037 2492 1104 2553 rc}
1147 2490 1468 2569 στράτευμα
1506 2495 1573 2553 τό
1610 2494 1963 2575 Ἑλληνικον,

361 2579 740 2658 συνετάραξαν
793 2582 885 2639 καὶ
931 2581 1279 2659 συνέχωσαν.
1362 2578 1512 2656 ἦσαν
1562 2583 1665 2657 μὲν
1710 2581 1784 2641 ὦν
1826 2583 1966 2642 κατοὶ

358 2666 466 2741 τήν
501 2667 706 2745 κρήνην
732 2668 1159 2745 Λακεδαιμόνιοι
1192 2669 1521 2750 τεταγμένοι
1555 2672 1771 2746 μοῦνοι·
1812 2672 1967 2729 τοῖσι

361 2752 422 2813 δὲ
453 2754 689 2815 ἄλλοισι
712 2755 970 2831 Ἕλλησι
993 2755 1032 2833 ἦ
1057 2759 1163 2834 μὲν
1204 2756 1377 2834 κρήνη
1403 2756 1601 2834 πρόσω
1638 2758 1863 2838 ἐγίνετο,
1894 2756 1967 2821 ὥς

363 2842 592 2903 ἔκαστοι
646 2845 840 2922 ἔτυχον
886 2845 1231 2925 τεταγμένοι,
1278 2845 1312 2905 ὁ
1354 2845 1415 2904 δὲ
1454 2842 1715 2909 Ἀσωπὸς
1760 2844 1961 2925 ἀγχοῦ·

361 2931 680 3007 ἐρυκόμενοι
721 2932 782 2991 δὲ
823 2930 935 2991 riv&
977 2933 1078 2991 τοῦ
1107 2932 1391 3004 Ἀσωποῦ,
1430 2932 1569 2993 οὕτω
1612 2932 1681 3010 δὴ
1728 2934 1820 2993 ἐπὶ
1859 2932 1966 3009 τήν

362 3018 568 3095 κρήνην
588 3020 859 3097 ἐφοίτεον·
889 3018 1002 3080 ‹in-6
1029 3025 1130 3080 τοῦ
1156 3024 1413 3097 ποταμοῦ
1438 3020 1547 3101 γάρ
1574 3026 1687 3098 σφι
1714 3020 1813 3080 οὐκ
1834 3022 1964 3096 ἐξῆν

359 3105 505 3186 υδωρ
531 3107 918 3186 φορέεσθαι,
885 3108 994 3168 υπό
1020 3134 1083 3169 τε
1106 3113 1217 3169 τῶν
1244 3110 1453 3169 ἱππέων
1479 3110 1571 3169 καὶ
1594 3108 1965 3187 τοξευμάτων.

443 3195 658 3259 Τούτου
703 3198 764 3257 δε
796 3196 1050 3257 τοιούτου
1094 3197 1403 3287 γινομένου,
1444 3200 1498 3258 οἱ
1536 3202 1645 3259 τῶν
1670 3197 1963 3273 Ἑλλήνων
1978 3200 2059 3259 50

361 3287 692 3369 στρατηγοὶ,
743 3310 844 3347 ατε
893 3289 998 3346 τοῦ
1059 3310 1126 3347 τε
1175 3278 1373 3349 ὕδατος
1438 3288 1807 3364 στερηθείσης
1864 3292 1963 3363 τῆς

2167 3296 2207 3315 Α
