2259 3500
340 131 560 196 sex-⁶9]
1031 130 1261 180 num.
1883 133 1946 180 ει

335 212 618 289 βασιλεῦς
657 209 774 272 ἄντ’
814 211 1038 281 ἐκείνου,
1065 211 1295 290 πέμψας
1332 207 1435 272 τὸν
1474 209 1806 288 θεράποντα,
1849 213 1943 272 ἐπὶ

337 302 550 382 γέλωτί
579 328 642 361 τε
679 301 772 360 καὶ
803 299 996 379 λάσθῃ
1025 299 1223 376 εἰρώτα
1255 298 1355 361 τόν
1383 297 1725 376 Δημάρητον
1750 299 1939 361 ὁκοῖόν

339 414 392 448 τι
425 390 508 464 εἴη
535 388 600 448 vd
629 390 818 466 ἄρχειν
843 388 986 465 μετσῖ
1017 387 1086 448 τό
1121 387 1489 464 βασιλεύειν,
1532 387 1564 447 ό
1590 388 1651 446 δὲ
1678 387 1939 469 ἀλγήσας

340 479 418 555 τῷ
446 477 848 552 ἐπειρωτήματι
875 476 995 535 εἶπε
1023 475 1137 552 φὰς
1164 475 1328 539 airas-
1353 478 1457 553 μὲν
1482 474 1816 553 ἀμφοτέρων
1835 475 1943 554 ἤδη

345 566 730 641 πεπειρῆσθαι,
759 568 938 624 κεῖνον
965 564 1024 623 δὲ
1051 563 1135 624 οὔ·
1215 562 1319 639 τήν
1353 563 1547 640 μέντοι
1579 564 1943 640 ἐπειρώτησιν

338 651 546 728 ταύτην
571 651 758 730 ἄρξειν
781 652 1273 730 Λακεδαιμονίοισι
1296 650 1333 728 ἢ
1357 652 1558 728 μυρίης
1578 652 1880 730 κακότητος
1904 652 1943 730 ἢ

339 742 539 817 μυρίης
577 740 938 816 εὐδαιμονίης.
1019 744 1199 801 ταῦτα
1224 739 1284 798 δὲ
1311 741 1467 801 εἶπας
1503 738 1595 798 καὶ
1632 745 1941 800 κατακαλυ-

341 828 604 904 ψάμενος,
647 828 735 904 ἤϊε
781 833 842 888 ἐκ
883 832 984 889 τοῦ
1029 828 1263 904 θεήτρου
1311 832 1366 891 ἐς
1409 827 1481 886 τὰ
1525 830 1725 887 ἑωυτοῦ
1746 847 1759 860 ·
1776 831 1939 889 οἰκία·

341 915 539 977 αὐτίκα
559 916 618 977 δὲ
637 915 1211 994 παρασκευασάμενος
1230 916 1352 976 ἔθυε
1371 919 1449 994 τῷ
1468 915 1565 973 Διῒ
1583 916 1745 990 βοῦν,
1766 916 1941 980 θύσας

341 1005 415 1074 δὲ,
457 1004 562 1080 τήν
599 1007 814 1083 μητέρα
849 1005 1106 1064 ἐκάλεσε.
1185 1002 1527 1082 Ἀπικομένῃ
1569 1003 1627 1062 δὲ
1666 1007 1739 1082 τῇ
1771 1008 1941 1083 μητρὶ
1958 1009 2033 1066 68

340 1093 523 1157 ἐσθεὶς
555 1099 611 1158 ἐς
642 1095 743 1158 τοὶς
777 1092 969 1174 χεῖράς
1005 1095 1060 1152 οἶ
1095 1095 1207 1152 τῶν
1238 1091 1599 1172 σπλάγχνων,
1629 1093 1939 1154 κατικέτευε

339 1181 518 1261 λέγων
559 1181 767 1242 τοιάδε·
825 1191 860 1218 “
877 1179 922 1240 ὦ
960 1184 1157 1258 μῆτερ,
1204 1180 1344 1240 θεῶν
1386 1205 1454 1240 σε
1494 1183 1604 1240 τῶν
1645 1206 1709 1240 τε
1748 1179 1939 1243 ἄλλων

339 1270 754 1348 καταπτόμενος
792 1269 1011 1330 ἱκετεύω
1044 1269 1137 1328 καὶ
1171 1273 1273 1329 τοῦ
1307 1269 1559 1345 Ἑρκείου
1602 1269 1738 1334 Διός
1776 1273 1939 1332 τοῦδε

339 1356 560 1433 φράσαι
587 1384 688 1436 μοι
721 1358 826 1435 τήν
859 1357 1155 1434 άληθηῒην,
1180 1357 1265 1421 τίς
1288 1383 1393 1434 μευ
1426 1358 1550 1416 ἐστὶ
1574 1358 1761 1435 πατὴρ
1794 1359 1941 1441 ὀρθῷ

337 1444 526 1525 λόγῳ;
583 1447 924 1526 Λευτυχίδης
965 1448 1069 1523 μὲν
1113 1445 1225 1526 γὰρ
1268 1447 1379 1522 ἔφη
1424 1450 1483 1504 ἐν
1524 1449 1677 1506 τοῖσι
1730 1447 1938 1508 νείκεσι

338 1533 535 1612 λέγων,
583 1534 856 1595 κυέουσάν
897 1559 968 1594 σε
1009 1539 1070 1594 ἐκ
1109 1537 1211 1594 τοῦ
1252 1534 1526 1611 προτέρου
1563 1534 1761 1612 άνδρός
1796 1536 1937 1598 οὕτω

339 1621 526 1682 ἐλθεῖν
565 1622 720 1700 παρὰ
751 1621 1080 1699 Ἀρίστωνα·
1123 1624 1179 1682 οἱ
1215 1622 1275 1681 δὲ
1312 1622 1405 1680 καὶ
1440 1621 1539 1681 τόν
1570 1622 1939 1701 ματαιότερον

340 1707 516 1787 λόγον
553 1712 814 1793 λέγοντες
849 1712 1001 1787 φασί
1031 1737 1102 1771 σε
1136 1710 1322 1771 ἐλθεῖν
1358 1708 1513 1785 παραὶ
1543 1711 1653 1769 τῶν
1689 1711 1938 1773 οἰκετέων

335 1798 435 1859 τόν
458 1798 802 1878 ὁνοφορβὸν,
830 1799 922 1859 καὶ
948 1802 1046 1876 ἐμὲ
1078 1799 1219 1859 εἶναι
1246 1797 1453 1857 ἐκείνου
1477 1798 1669 1856 παῖδα.
1731 1798 1837 1878 ἐγῶ
1864 1797 1939 1859 ὦν

336 1912 407 1947 σε
430 1890 774 1969 μετέρχομαι
798 1892 910 1950 τῶν
935 1889 1074 1950 θεῶν
1101 1890 1275 1947 εἰπεῖν
1297 1885 1364 1945 τὸ
1394 1885 1618 1962 ἀληθές·
1663 1884 1787 1946 οὔτε
1808 1887 1935 1968 γάρ,

337 1978 514 2055 εἴπερ
541 1979 847 2055 πεποίηκάς
871 2004 928 2039 τι
951 1981 1063 2038 τῶν
1083 1976 1417 2057 λεγομένων,
1438 1974 1619 2051 μούνη
1646 1975 1714 2051 δὴ
1742 1977 1934 2035 πεποί-

335 2092 470 2141 ηκας
493 2068 636 2144 μετὰ
654 2068 916 2129 πολλέων
943 2066 1021 2125 δέ·
1053 2063 1084 2123 ὅ
1104 2090 1167 2124 τε
1188 2063 1361 2145 λόγος
1385 2062 1607 2127 πολλὰς
1628 2068 1685 2123 ἐν
1706 2064 1938 2143 Σπάρτῃ

335 2153 406 2217 ὥς
442 2154 740 2233 Ἀρίστωνι
779 2157 1011 2232 σπέρμα
1050 2152 1384 2213 παιδοποιὸν
1424 2150 1524 2210 οὐκ
1566 2156 1713 2227 ἐνῆν·
1757 2157 1936 2213 τεκεῖν

333 2241 444 2320 γάρ
477 2243 544 2303 ἄν
579 2247 634 2305 οἱ
671 2244 764 2303 καὶ
794 2244 895 2305 τοῖς
929 2244 1207 2319 προτέρας
1239 2238 1553 2320 γυναῖκας.”
1634 2239 1703 2299 ‘O
1737 2244 1841 2317 μὲν
1868 2240 1935 2316 δή
1955 2244 2029 2301 69

334 2334 565 2390 τοιαῦτα
617 2332 796 2411 aryc-
865 2329 903 2405 ἦ
957 2331 1016 2389 δὲ
1069 2328 1339 2406 ἀμείβετο
1392 2328 1603 2388 τοῖσδε·
1666 2339 1701 2363 “
1720 2327 1761 2387 ὦ
1813 2332 1933 2398 παῖ,

337 2417 516 2474 ἐπείτε
541 2443 612 2493 με
639 2420 836 2495 λιτῇσι
853 2419 1147 2496 μετέρχεαι
1176 2419 1349 2475 εἰπεῖν
1368 2415 1472 2491 τὴν
1498 2414 1791 2492 άληθηΐην,
1818 2421 1933 2476 πᾶν

337 2505 412 2565 εἰς
438 2506 508 2562 σὲ
534 2506 920 2582 κατειρήσεται
942 2506 1204 2582 τάληθές.
1280 2502 1351 2567 ὥς
1375 2529 1447 2580 με
1473 2503 1715 2585 ἠγάγετο
1741 2504 1934 2582 Ἀρίσ-

334 2617 443 2650 των
470 2596 525 2655 ἐς
550 2596 766 2665 ἑωυτοῦ,
793 2596 946 2655 νυκτὶ
971 2595 1132 2673 τρίτῃ
1160 2592 1275 2653 άπὸ
1302 2596 1400 2668 τῆς
1420 2591 1641 2669 πρώτης
1666 2592 1813 2667 ἦλθέ
1836 2619 1934 2670 μοι

334 2677 545 2757 φάσμα
573 2680 851 2758 εἰδόμενον
874 2681 1193 2760 Ἀρίστωνι·
1222 2682 1551 2755 συνευνηθὲν
1578 2681 1637 2739 δὲ
1655 2680 1782 2743 τοῦς
1809 2707 1933 2741 στε-

333 2768 546 2844 φάνους
573 2768 667 2832 οὓς
693 2769 810 2849 εἶχε
837 2772 963 2848 ἐμοὶ
989 2770 1305 2848 περιετίθει·
1350 2770 1441 2827 καὶ
1466 2768 1533 2829 τό
1560 2770 1663 2845 μὲν
1690 2767 1933 2847 οἰχώκεε,

330 2854 432 2930 ἧκε
461 2856 520 2916 δὲ
544 2857 688 2933 μετὰ
712 2861 890 2919 ταῦτα
913 2858 1209 2935 Ἀρίστων·
1255 2856 1325 2919 ὥς
1350 2857 1413 2915 δέ
1434 2882 1507 2932 με
1545 2856 1653 2915 εἶδε
1692 2857 1934 2933 ἔχουσαν

333 2945 664 3021 στεφάνους,
689 2945 884 3023 εῗρῶτα
909 2947 993 3010 τίς
1021 2947 1104 3022 εἴη
1125 2945 1159 3005 ὅ
1179 2970 1279 3022 μοι
1300 2944 1424 3006 δούς
1444 2970 1458 3013 ;
1499 2942 1607 3023 ἐγῶ
1629 2944 1688 3000 δὲ
1710 2940 1935 3017 ἐφάμην

333 3036 562 3095 ἐκεῖνον·
619 3033 652 3094 ὅ
694 3033 752 3093 δὲ
802 3033 901 3093 οὐκ
947 3034 1263 3093 ῦπεδέκετο·
1308 3032 1415 3111 ἐγώ
1458 3032 1516 3089 δὲ
1570 3028 1935 3105 κατωμνύμην

333 3124 558 3200 φαμένη
613 3120 784 3182 αὖτὸν
852 3121 917 3181 οὗ
987 3124 1171 3184 καλῶς
1236 3120 1444 3178 ποιέειν
1506 3114 1934 3192 άπαρνεύμενον·

332 3201 529 3286 ὀλίγον
567 3204 679 3286 γάρ
720 3228 778 3263 τι
818 3202 1090 3279 πρότερον
1129 3200 1370 3261 ἐλθόντα
1406 3197 1499 3256 καὶ
1534 3196 1937 3270 συνευνηθέντα

332 3290 526 3353 δοῦναί
560 3318 661 3369 μοι
702 3288 834 3352 τοῦς
877 3288 1209 3364 στεφάνους.
1258 3285 1429 3362 ὁρέων
1462 3281 1523 3341 δέ
1555 3306 1628 3358 με
1670 3308 1935 3359 κατομνυ·
