2259 3500
349 108 443 155 102
958 106 1324 157 ἮΡοΔοωοτ
1701 154 1705 158 .
1819 110 1942 173 [v1.

344 184 595 263 ταλμένα
641 183 999 268 ἀπήγγελλε·
1040 187 1197 243 τοῖσι
1245 185 1304 244 δὲ
1349 186 1473 245 ἕαδε
1523 188 1628 265 μὲν
1680 189 1730 264 β
1801 188 1946 251 θέειν

342 270 711 348 Ἀθηναίοισι,
740 271 981 340 ἀδύνατα
1022 272 1084 330 δέ
1116 279 1231 348 σφι
1257 271 1327 347 ἦν
1351 272 1416 332 τὸ
1445 276 1756 349 παραυτίκα
1795 277 1946 337 ποιέ·

346 386 426 421 ειν
455 364 633 421 ταῦτα
668 358 732 419 οὗ
756 360 1166 436 βουλομένοισι
1198 360 1353 420 λύειν
1377 361 1476 421 τὸν
1502 361 1692 438 νόμον·
1735 362 1806 437 ἦν
1832 364 1946 445 γοῖρ

346 449 647 525 ἱσταμένου
686 450 787 507 τοῦ
826 446 999 525 μηνός
1042 448 1248 524 εἰνάτη·
1293 448 1478 527 εἰνάτῃ
1505 449 1565 507 δὲ
1597 448 1697 508 οὐκ
1732 451 1943 519 ἐξελεύ-

345 537 552 596 σεσθαι
584 536 821 612 ἔφασαν,
848 534 929 612 μῆ
972 534 1038 595 οιῗ
1076 535 1323 612 πλήρεος
1364 535 1547 599 ἐόντος
1585 541 1687 596 τοῦ
1713 536 1942 598 κύκλου.

251 624 365 684 107
388 620 559 684 Οὗτοι
600 623 705 700 μέν
746 648 843 683 νυν
883 622 989 699 τῆν
1031 625 1389 698 πανσέληνον
1436 624 1646 699 ἔμενον·
1689 627 1844 684 τοῖσι
1884 626 1951 691 δὲ,

341 711 697 789 βαρβάροισι
744 711 1044 792 κατηγέετο
1086 708 1308 785 Ἱππίης
1349 709 1383 769 ὅ
1426 710 1844 789 Πεισιστράτου
1888 718 1944 778 ἐς

340 798 440 859 τὸν
465 801 807 874 Μαραθῶνα,
833 803 935 873 τῆς
973 797 1384 875 παροιχομένης
1425 796 1618 860 νυκτός
1644 798 1776 876 ὅψιν
1813 800 1943 861 ῑδῶν

342 890 400 945 ἐν
434 890 513 965 τῷ
546 886 697 965 ὕπνῳ
732 884 969 960 τοιήνδε·
1011 884 1195 944 ἐδόκεε
1235 884 1268 944 ὁ
1291 884 1512 959 Ἱππίης
1548 888 1621 963 τῇ
1660 888 1831 965 μητρὶ
1869 893 1942 967 τῇ

338 976 541 1033 ἑωυτοῦ
582 974 1002 1049 συνευνηθῆναι·
1044 972 1396 1048 συνεβάλετο
1439 972 1513 1032 ὧν
1556 978 1615 1032 ἐκ
1659 978 1761 1033 τοῦ
1801 973 1938 1035 ὄνεί·

340 1088 459 1138 ρου,
505 1060 787 1121 κατελθών
834 1065 889 1123 ἐς
931 1059 1031 1123 τὰς
1075 1058 1318 1136 Ἀθήνας
1365 1060 1457 1119 καὶ
1505 1060 1940 1138 ἀνασωσάμενος

343 1147 448 1223 τῆν
488 1147 682 1225 ἀρχὴν,
709 1146 1067 1222 τελευτήσειν
1108 1152 1167 1207 ἐν
1206 1151 1277 1225 τῇ
1319 1151 1519 1207 ἑωυτοῦ
1547 1148 1793 1229 γηραιός.
1877 1155 1938 1209 ἐκ

338 1237 443 1311 μὲν
483 1234 551 1311 δή
590 1239 692 1310 τῆς
730 1233 893 1313 ὄψιος
917 1234 1270 1310 συνεβάλετο
1296 1238 1490 1294 ταῦτα·
1531 1234 1660 1296 τότε
1687 1235 1747 1296 δὲ
1775 1263 1936 1313 κατη·

339 1322 619 1403 γεόμενος,
648 1327 815 1383 τοῦτο
856 1324 960 1399 μὲν
994 1322 1063 1381 τὰ
1102 1320 1420 1399 ἀνδράποδα
1457 1322 1530 1382 τὰ
1563 1322 1626 1393 ἐξ
1654 1321 1936 1402 Ἐρετρίης

340 1408 603 1486 ἀπέβησε
644 1414 698 1473 ἐς
735 1410 839 1486 τὴν
864 1414 1041 1485 νῆσον
1066 1408 1170 1485 τῆν
1198 1410 1463 1487 Στυρέων,
1491 1412 1834 1487 καλεομένην
1873 1412 1933 1471 δὲ

340 1498 649 1577 Αἷγίλειαν·
689 1501 855 1558 τοῦτο
886 1498 945 1557 δὲ
972 1498 1352 1579 καταγομένας
1393 1502 1448 1560 ἐς
1485 1490 1598 1558 τᾶν
1611 1500 1934 1574 Μαραθῶνα

341 1584 442 1649 τοὶς
482 1587 607 1649 νέας
650 1584 847 1663 ὦρμιζε
891 1584 1075 1654 οὕτως,
1122 1584 1397 1661 ἐκβάντας
1441 1610 1503 1644 τε
1552 1589 1607 1649 ἐς
1651 1590 1760 1666 γῆν
1804 1585 1934 1650 τούς

335 1672 670 1753 βαρβάρους
709 1674 991 1733 διέτασσε·
1035 1673 1132 1733 καί
1156 1676 1209 1731 οἱ
1233 1677 1409 1732 ταῦτα
1437 1672 1679 1732 διέποντι
1720 1676 1933 1748 ἐπῆλθε

334 1767 563 1842 πταρεῖν
587 1789 651 1824 τε
677 1765 769 1822 καὶ
796 1762 971 1840 βῆξαι
997 1760 1237 1838 μεζόνως
1262 1759 1300 1836 ἢ
1326 1759 1395 1824 ὥς
1428 1760 1606 1821 ἐώθεε·
1651 1760 1742 1820 οἷα
1783 1762 1845 1820 δέ
1877 1767 1931 1822 οῖ

334 1853 705 1930 πρεσβυτέρῳ
746 1849 901 1910 ἐόντι·
915 1853 1027 1908 τῶν
1053 1847 1291 1928 ὀδόντων
1319 1851 1371 1906 οἶ
1397 1851 1629 1912 πλεῦνες
1661 1849 1929 1910 ἐσείοντο·

332 1939 539 1998 τούτων
577 1936 651 1996 ὧν
688 1937 782 1996 ἕνα
816 1939 927 1995 τῶν
960 1933 1198 1994 ὀδόντων
1231 1934 1505 2011 ἐκβάλλει
1530 1935 1638 1995 om?
1664 1937 1801 2012 βίης
1821 1937 1929 2014 βή-

334 2025 452 2094 ξας·
493 2023 825 2086 ἐκπεσόντος
865 2023 925 2081 δὲ
965 2027 1022 2085 ἐς
1060 2021 1165 2098 τήν
1208 2022 1440 2099 ψάμμον
1471 2023 1656 2093 αὐτοῦ,
1686 2025 1931 2086 ἐποιέετο

334 2110 562 2187 πολλὴν
600 2110 855 2186 σπουδήν
896 2109 1151 2186 ἐξευρεῖν·
1194 2109 1265 2172 ὥς
1291 2109 1350 2168 δὲ
1382 2108 1482 2168 οὐκ
1515 2111 1774 2186 ἐφαίνετό
1813 2115 1869 2173 οἱ
1896 2113 1930 2173 ὁ

332 2197 489 2268 ὄδῶν,
517 2197 893 2267 ἀναστενάξας
923 2197 1045 2257 εἶπε
1076 2196 1218 2275 πρός
1246 2195 1376 2260 τούς
1414 2199 1797 2274 παραστάτας·
1839 2211 1875 2235 “
1890 2199 1930 2278 ἦ

332 2289 409 2367 γῆ
440 2284 541 2362 ἥδε
576 2285 677 2345 οῦκ
701 2285 942 2364 ἡμετέρη
971 2285 1110 2354 ἐστὶ,
1141 2283 1270 2343 οὐδέ
1291 2308 1389 2361 μιν
1415 2283 1769 2362 δυνησόμεθα
1793 2286 1930 2348 ὕπο·-

330 2373 545 2452 χειρίην
568 2372 943 2448 ποιήσασθαι·
977 2370 1188 2432 ὁκόσον
1209 2372 1270 2430 δέ
1297 2397 1352 2432 τι
1377 2397 1477 2449 μοι
1501 2373 1670 2449 μέρος
1695 2379 1870 2450 μετῆν
1897 2373 1931 2436 ὅ

240 2461 354 2520 108
370 2459 511 2520 ὄὸὢν
535 2459 806 2540 μετέχει.”
860 2460 1082 2536 Ἱππίης
1098 2461 1202 2536 μὲν
1223 2458 1291 2535 δῆ
1311 2458 1486 2538 ταύτῃ
1512 2459 1616 2536 τήν
1643 2459 1775 2539 ὄψιν
1801 2488 1932 2522 συν-

331 2547 575 2622 εβάλετο
616 2548 1025 2624 ἐξεληλυθέναι·
1065 2545 1419 2622 Ἀθηναίοισι
1450 2546 1510 2604 δὲ
1540 2549 1932 2628 τεταγμένοισι

329 2639 389 2694 ἐν
406 2636 620 2712 τεμένεϊ
642 2634 971 2712 Ἡρακλέος,
990 2634 1242 2709 ἐπῆλθον
1267 2633 1604 2709 βοηθέοντες
1619 2637 1934 2701 Πλαταιέες

328 2723 621 2800 πανδημεί.
704 2723 799 2782 καὶ
834 2723 947 2805 γὰρ
993 2722 1085 2780 καὶ
1126 2720 1464 2780 ἐδεδοίκεσάν
1507 2726 1693 2796 σφεας
1730 2721 1934 2786 αὐτοῦς

330 2814 485 2872 τοῖσι
525 2809 880 2887 Ἀθηναίοισι
925 2812 981 2870 οἱ
1026 2809 1356 2877 Πλαταιέες,
1406 2808 1498 2867 καὶ
1543 2806 1746 2871 πόνους
1790 2808 1932 2887 ὗπὲρ

328 2898 509 2960 αὐτῶν
548 2902 601 2959 οἶ
639 2897 703 2958 ’A
711 2899 928 2974 θηναῖοι
968 2893 1211 2974 συχνοῧς
1237 2895 1344 2970 ἥδη
1376 2894 1688 2972 οἷναιρέατο·
1731 2895 1934 2957 ἔδοσαν

330 2987 390 3046 δὲ
421 2985 542 3047 ὦδε·
584 2984 929 3062 πιεζεύμενοι
962 2983 1075 3042 13πὸ
1101 2982 1368 3058 Θηβαίων
1403 2986 1458 3042 οἱ
1486 2983 1800 3046 Πλαταιέες
1827 2984 1932 3042 ἐδί-

328 3073 505 3136 δοσαν
538 3078 731 3153 πρῶτα
765 3073 1161 3150 παρατυχοῦσι
1187 3068 1504 3146 Κλεομένεΐ
1539 3093 1602 3127 τε
1633 3072 1709 3146 ‘uf
1735 3067 1933 3139 Ἀναξ-

326 3163 587 3240 ανδρίδεω
622 3162 715 3222 καὶ
754 3158 1246 3235 Λακεδαιμονίοισι
1289 3157 1475 3232 σφέας
1516 3153 1735 3217 αὐτούς·
1777 3159 1832 3214 οἳ
1871 3155 1934 3214 δὲ

328 3247 393 3307 οὗ
420 3249 705 3328 δεκόμενοι
729 3247 925 3330 ἔλεγόν
950 3252 1065 3323 σφι
1089 3245 1240 3306 τάδε·
1283 3254 1320 3282 “
1333 3244 1496 3321 ἡμεῖς
1519 3242 1625 3318 μὲν
1651 3242 1935 3319 ἑκαστέρω
