2259 3500
309 107 405 158 310
943 103 1291 153 ΗΡοΔοτοτ
1782 104 1911 170 [lx.

307 185 500 264 ἐπεῖχέ
526 209 589 244 τε
624 182 718 243 ἐπὶ
751 181 1221 260 Λακεδαιμονίους
1254 206 1316 242 τε
1354 182 1446 242 καὶ
1470 182 1751 263 Τεγεήτας
1774 186 1916 261 μού-

305 298 451 336 νους·
491 269 816 346 Ἀθηναίους
845 270 956 351 γοῖρ
989 270 1369 346 τραπομένους
1402 273 1456 332 ἐς
1482 269 1549 329 τό
1575 270 1767 333 πεδίον
1798 272 1914 334 five>

303 364 414 420 τῶν
439 359 622 438 ὄχθων
649 357 713 417 οὗ
747 357 987 435 κατώρα·
1031 360 1262 435 Πέρσας
1288 357 1347 417 δὲ
1371 355 1621 434 ὁρέοντες
1658 357 1915 436 ὁρμημέ-

309 473 436 510 νους
472 446 680 508 διώκειν
720 445 850 509 τούς
874 445 1164 522 Ἕλληνας
1190 449 1244 504 οἱ
1274 446 1466 504 λοιποὶ
1489 449 1600 506 τῶν
1623 447 1913 526 βαρβαρι-

311 538 420 594 κῶν
445 535 648 594 τελέων
677 532 962 614 ἄρχοντες,
983 533 1182 594 αὐτίκα
1199 532 1401 597 πάντες
1416 532 1560 611 ἦραν
1577 534 1650 593 τὰ
1671 537 1907 613 σημήϊα,

306 623 399 682 καὶ
447 622 670 684 ἐδίωκον
715 620 788 684 ὥς
825 622 1012 681 ποδῶν
1053 622 1289 684 ἕκαστος
1328 621 1495 701 εἶχον,
1540 619 1668 681 οὔτε
1715 623 1913 705 κόσμῳ

307 708 486 771 οὐδενὶ
521 711 895 788 κοσμηθέντες
931 708 1057 769 οὔτε
1087 708 1232 780 τάξι·
1274 709 1368 768 καὶ
1394 708 1549 769 οὗτοι
1574 711 1679 793 μᾷν
1702 712 1821 789 βοῇ
1846 739 1913 772 τε

301 799 400 858 καὶ
452 798 636 879 ὁμίλῳ
690 797 946 875 ἐτι-ἤϊσαν,
990 795 1062 861 ὥς
1107 795 1561 875 ἀναρπασόμενοι
1606 797 1736 862 τούς
1770 798 1911 858 Ἔλ-

306 890 501 963 ληνας.

211 974 290 1033 60
389 974 719 1051 Παυσανίης
764 974 838 1048 δὲ,
885 973 955 1037 ὥς
995 973 1330 1050 προσέκειτο
1372 972 1411 1050 ἦ
1456 973 1639 1043 ἵππος,
1682 975 1911 1052 πέμψας

305 1062 448 1139 πρός
493 1061 622 1125 τοῦς
673 1061 1000 1137 Ἀθηναίους
1034 1062 1207 1120 ἱππέα
1228 1062 1404 1142 «λέγει
1443 1061 1594 1122 τάδε·
1660 1071 1698 1096 “
1714 1061 1910 1140 ἄνδρες

302 1147 608 1224 Ἀθηναῖοι,
651 1147 862 1228 α’γῶνος
899 1148 1173 1228 μεγίστου
1212 1149 1575 1226 προκειμένου
1613 1151 1909 1227 ἐλευθέρην

306 1236 446 1296 εἶναι
463 1234 500 1312 ἢ
528 1236 944 1312 δεδουλωμένην
961 1235 1066 1311 τῆν
1090 1234 1359 1307 Ελλάδα,
1388 1237 1828 1314 προδεδόμεθαε
1795 1239 1905 1298 υπὸ

305 1326 418 1383 τῶν.
451 1323 765 1402 συμμάχων
797 1323 958 1400 ἡμεῖς
993 1349 1054 1383 τε
1091 1327 1146 1384 οἱ
1180 1324 1607 1401 Λακεδαιμόνιοι
1634 1326 1727 1383 καὶ
1752 1325 1907 1401 ύμεῖς

305 1413 360 1470 οἱ
393 1409 757 1488 Ἀθηναῖοι,“
723 1411 836 1471 υπό
871 1411 975 1487 τὴν
1008 1413 1423 1490 παροιχομένην
1458 1411 1629 1472 νύκτα
1655 1412 1905 1490 διαδραν-

301 1525 429 1560 των·
485 1503 583 1560 νῦν
629 1499 702 1560 ὧν
749 1500 998 1560 δέδοκται
1037 1500 1104 1559 τὰ
1153 1501 1401 1560 ἐνθεῦτεν
1444 1501 1706 1576 ποιητέον
1750 1500 1904 1578 ἡμῖν·

305 1585 679 1666 ἀμυνομένους
712 1586 822 1669 γὰρ
853 1592 924 1666 τῇ
960 1585 1239 1665 δυνάμεθα
1271 1585 1478 1664 ἄριστα
1504 1589 1899 1664 περιστέλλειν

304 1673 610 1753 ἀλλήλους·
672 1679 719 1735 εἰ
757 1676 862 1753 μέν
903 1701 998 1736 νυν
1041 1679 1096 1737 ἐς
1150 1673 1322 1752 ὖμέας
1369 1674 1597 1753 ὥρμησε
1646 1675 1825 1756 ἀρχὴν
1866 1677 1904 1755 ἤ

306 1763 489 1835 ἵππος,
521 1767 668 1842 χρῆν
702 1764 762 1823 δὲ
800 1762 977 1841 ἦμέας
1010 1789 1072 1822 τε
1114 1764 1206 1822 καὶ
1244 1763 1373 1827 τοῦς
1410 1762 1531 1840 μετ’
1572 1763 1757 1841 ἦμέων
1794 1764 1902 1843 τῆν

302 1850 554 1911 Ἑλλάδα
601 1850 665 1911 οὗ
709 1851 1069 1929 προδιδόντας
1121 1850 1398 1931 Τεγεήτας
1449 1853 1714 1928 βοηθέειν
1752 1851 1904 1928 ύμῖν·

303 1943 402 1999 νῦν
436 1939 565 2009 δὲ,’
539 1966 593 2002 ες
629 1936 806 2015 ἤμέας
833 1937 944 2018 γὰρ
976 1938 1175 1997 ἅπασα
1208 1937 1503 2017 κεχώρηκε,
1542 1939 1799 1999 δίκαιοί’
1772 1966 1903 2000 εστε

298 2025 459 2102 υμεῖς
497 2025 638 2102 πρός
675 2051 779 2101 την
816 2025 1146 2101 πιεζομένην
1194 2025 1451 2101 μάλιστα
1502 2029 1614 2087 τῶν
1665 2029 1903 2105 μοιρέων

303 2112 628 2190 ἀμυνέοντες
671 2113 821 2171 ἰέναι.
907 2116 956 2172 εἷ
997 2111 1043 2171 δ’
1085 2138 1195 2189 αρα
1226 2138 1424 2177 αυτους
1462 2113 1636 2190 ύμέας
1673 2118 1903 2175 καταλε-

300 2199 524 2275 λᾷβηκε
569 2198 838 2260 ἀδύνατόν
880 2225 936 2261 τι
977 2200 1255 2276 βοηθέειν,
1302 2200 1459 2278 υμεῖς
1502 2200 1549 2261 δ’
1592 2202 1728 2278 ἡμῖν
1772 2228 1903 2266 τους

299 2286 530 2356 τοξότας
556 2284 984 2366 ἀποπέμψαντες
1008 2287 1175 2368 χάριν
1210 2289 1399 2349 θέσθε.
1483 2290 1815 2367 συνοίδαμεν
1841 2290 1903 2349 δὲ

297 2372 428 2450 ύμῖν
451 2372 561 2433 find
589 2373 686 2434 τόν
713 2374 990 2452 παρεόντα
1027 2376 1187 2436 τόνδε
1212 2375 1477 2454 πόλεμον,
1494 2381 1651 2437 ἐοῦσι
1677 2375 1902 2437 πολλὸν

207 2463 277 2520 61
299 2460 792 2539 προθυμοτάτοισι,
821 2461 968 2523 ὥστε
994 2464 1085 2521 καὶ
1104 2467 1281 2523 ταῦτα
1308 2464 1651 2525 ἐσακούειν.”
1712 2468 1901 2525 Ταῦτα

299 2552 353 2609 οἶ
377 2548 663 2627 Ἀθηναῖοι
691 2549 761 2613 ὥς
788 2550 1075 2620 ἐπύθοντο,
1109 2550 1361 2627 ὦρμέατο
1393 2553 1675 2629 βοηθέειν,
1705 2553 1797 2612 καὶ
1826 2552 1901 2613 τοὶ

294 2638 551 2715 μάλιστα
584 2637 898 2717 ἐπαμύνειν·
959 2640 1054 2698 καί
1081 2643 1194 2713 σφι
1236 2638 1343 2715 ἤδη
1391 2640 1686 2719 στείχουσι
1729 2642 1899 2700 ἐπιτί-

297 2726 482 2787 θενται
523 2730 576 2787 οἱ
615 2726 1036 2806 ἀντιταχθέντες
1064 2725 1355 2801 Ἑλλήνων
1396 2732 1507 2788 τῶν
1546 2729 1688 2805 μέτα
1725 2730 1899 2805 βασι-

294 2815 425 2877 λέος
461 2816 786 2895 γενομένων,
827 2814 975 2875 ὥστε
1014 2815 1215 2891 μηκέτι
1260 2813 1531 2877 δύνασθαι
1583 2818 1897 2893 βοηθῆσαι·

298 2900 365 2960 τό
395 2902 507 2982 γοῖρ
538 2902 941 2979 προσκείμενόν
978 2908 1165 2977 σφεας
1198 2902 1417 2964 ἐλύπεε.
1501 2902 1643 2962 οὕτω
1670 2904 1737 2979 δή
1762 2929 1899 2979 μου-

295 2988 554 3059 νωθέντες
598 2989 1026 3066 Λακεδαιμόνιοι
1074 2990 1167 3047 καὶ
1213 2995 1497 3070 Τεγεῆται,
1554 2990 1734 3053 ἐόντες
1788 2988 1900 3050 σῦν

297 3079 522 3151 ψιλοῖσι
554 3075 790 3153 αἶριθμόν
817 3081 870 3136 οἱ
895 3080 998 3153 μὲν
1025 3077 1499 3153 πεντακισμύριοι,
1528 3082 1799 3158 Τεγεῆται
1836 3078 1900 3136 δὲ

295 3162 622 3239 τρισχίλιοι·
665 3162 818 3223 οὗτοι
843 3164 952 3245 γὰρ
992 3162 1208 3240 οὐδαμοὶ
1234 3164 1607 3242 ἀπεσχίζοπο
1644 3164 1755 3225 α’,πό
1781 3170 1897 3223 Λα·

298 3245 668 3321 κεδαιμονίων·
717 3248 1131 3329 ἐσφαγιάζοντο
1168 3250 1239 3315 ὥς
1274 3250 1700 3327 συμβαλέοντες
1734 3256 1899 3327 Μαρ-
