2259 3500
382 168 665 234 126—1‘28]
1090 170 1318 219 ΕΡΔΤΩ.
1880 176 1970 223 111

378 250 643 329 Ἀμύριος
666 255 769 310 τοῦ
794 254 987 327 σοφοῦ
1012 252 1322 333 λεγομένου
1352 250 1503 317 πάῖς·
1543 250 1698 313 οὗτοι
1735 256 1840 331 μὲν
1864 254 1979 317 «iord

378 337 625 413 Ἰταλίης
648 337 847 413 ἦλθον.
930 343 989 398 ἐκ
1016 338 1078 397 δὲ
1100 344 1202 399 τοῦ
1231 339 1448 400 κόλπου
1471 343 1573 400 τοῦ
1597 338 1815 412 Ἰονίου,
1839 341 1976 419 Ἀμ-

380 428 701 503 φίμνηστος
738 425 1127 504 Ἐπιστρόφου
1173 425 1528 505 Ἐπιδάμνιος
1543 454 1557 469 ·
1605 426 1766 492 οὗτος
1811 430 1872 489 δὲ
1919 435 1979 489 ἐκ

377 518 479 573 τοῦ
527 513 727 574 Ἰονίου
774 513 1007 573 κόλπου.
1089 514 1340 577 Αἰτωλός
1387 515 1447 573 δὲ
1493 514 1653 591 ἦλθε,
1699 516 1980 594 Τιτόρμου

376 604 479 661 τοῦ
504 601 853 679 ὑπερφύντος
877 626 939 661 τε
954 601 1246 677 Ἕλληνας
1275 602 1430 680 ἰσχύϊ
1455 603 1547 661 καὶ
1574 602 1852 684 φυγόντος
1883 604 1977 665 οἷν-

378 688 632 765 θρῶπους
658 695 713 751 ἐς
738 687 839 751 τὰς
864 689 1131 767 ε’σχατιαῖς
1155 693 1257 763 τῆς
1281 690 1586 753 Αἰτωλίδος
1622 690 1822 769 χώρης,
1849 691 1975 751 τού-

378 800 481 835 του
519 780 621 834 τοῦ
652 775 931 853 Τιτόρμου
972 775 1250 852 ἀδελφεὰς
1285 776 1510 852 Μάλης·
1553 775 1666 836 άπὸ
1705 778 1764 837 δὲ
1791 783 1978 837 Πελο-

380 862 684 937 ποννήσου,
738 863 1003 927 Φείδωνος
1053 868 1156 923 τοῦ
1206 862 1470 944 Ἀργείων
1522 864 1790 941 τυράννου
1843 864 1976 929 πάϊς

381 950 690 1026 Λεωκήδης,
737 952 1004 1015 Φείδωνος
1052 950 1112 1010 δὲ
1156 954 1260 1011 τοῦ
1303 949 1375 1010 τοὶ
1416 952 1594 1028 μέτρα
1634 952 1977 1027 ποιήσαντος

383 1039 901 1113 Πελοποννησίοισι
927 1039 1019 1097 καὶ
1046 1039 1386 1116 ὑβρίσαντος
1410 1041 1656 1120 μέγιστα
1681 1038 1749 1115 δή
1769 1040 1977 1116 Ἑλλή-

380 1151 486 1185 νων
511 1125 783 1195 άπάντων,
812 1126 874 1189 ὃς
901 1127 1288 1203 ἐξαναστήσας
1325 1128 1456 1191 τούς
1490 1128 1729 1188 Ἠλείων
1769 1128 1974 1209 ἀγωνο-

382 1213 543 1276 θέτας
584 1214 747 1277 αὐτὸς
788 1214 886 1274 τόν
921 1218 979 1275 ἐν
1002 1214 1292 1295 Ὀλυμπίῃ
1325 1214 1510 1297 οἶγῶνα
1552 1216 1731 1290 ἔθηκε·
1773 1215 1978 1276 τούτου

380 1325 441 1360 τε
488 1300 556 1376 δή
602 1301 749 1371 πάϊς,
798 1302 889 1360 καὶ
932 1301 1228 1379 Ἀμίαντος
1275 1304 1617 1384 Λυκούργου,
1665 1301 1873 1381 Ἀρκάς
1917 1309 1976 1363 ἔκ

380 1390 812 1463 Τραπεζοῦντος·
855 1390 946 1448 καὶ
970 1389 1142 1465 Ἀζὴν
1167 1396 1228 1449 ἐκ
1248 1393 1434 1449 Παίου
1460 1391 1660 1454 πόλιος
1683 1390 1973 1467 Λαφάνης,

380 1474 737 1553 Εὐφορίωνος
761 1481 862 1536 τοῦ
888 1478 1188 1554 δεξαμένου
1211 1502 1274 1538 τε
1309 1476 1406 1555 (ὥς
1432 1477 1603 1557 λόγος
1629 1483 1687 1537 ἐν
1711 1478 1976 1555 Ἀρκαδίῃ

384 1562 629 1643 λέγεται)
654 1564 783 1627 τούς
816 1564 1195 1641 Διοσκούρους
1235 1566 1462 1623 οἰκίοισι
1504 1565 1596 1623 καὶ
1631 1564 1744 1624 άπό
1778 1564 1976 1624 τούτου

384 1646 811 1717 ξεινοδοκέοντος
837 1650 1049 1713 πάντας
1076 1650 1414 1732 ᾀνθρῶπους·
1459 1653 1550 1709 καὶ
1569 1651 1795 1713 Ἠλεῖος
1818 1650 1976 1709 ’Ovo-

380 1737 599 1814 μαστός
622 1738 873 1820 Ἀγαίου·
916 1736 1070 1799 οὗτοι
1106 1740 1210 1816 μὲν
1235 1737 1302 1814 δή
1331 1738 1393 1808 ἐξ
1417 1736 1586 1813 αὐτῆς
1614 1735 1972 1812 Πελοποννή-

383 1851 491 1885 σου
528 1824 720 1901 ἤλθον.
806 1833 869 1887 ἐκ
915 1826 975 1886 δὲ
1014 1824 1292 1902 Ἀθηνέων
1336 1825 1602 1886 ἀπίκοντο
1643 1824 1978 1905 Μεγακλέης

380 1939 443 1974 τε
467 1913 501 1973 ὅ
523 1914 905 1991 Ἀλκμαίωνος
938 1915 1140 1975 τούτου
1173 1917 1274 1974 τοῦ
1315 1914 1468 1990 παρὰ
1495 1917 1748 1990 Κροῖσον
1785 1910 1976 1970 οἶπικο-

378 2002 565 2078 μένου,
603 2004 695 2061 καὶ
736 2003 913 2067 ἄλλος
955 2001 1347 2077 Ἱπποκλείδης
1389 2000 1716 2078 Τισάνδρου,
1753 1997 1978 2080 πλούτῳ

382 2091 474 2148 καὶ
516 2090 645 2149 εἴδεΐ
684 2081 980 2167 προφέρων
1022 2089 1347 2165 Ἀθηναίων.
1430 2088 1542 2149 α’πό
1587 2089 1646 2147 δὲ
1675 2087 1975 2164 Ἐρετρίης,

381 2177 655 2253 ἀνθεύσης
696 2181 893 2237 τοῦτον
937 2177 1039 2237 τόν
1083 2176 1303 2256 χρόνον,
1352 2177 1652 2251 Λυσανίης·
1709 2172 1870 2237 οὗτος
1918 2175 1977 2232 δὲ

382 2262 477 2322 ἀπ’
520 2264 769 2339 Εὐβοίης
809 2268 1031 2340 μοῦνος·
1114 2269 1176 2323 ἐκ
1217 2265 1276 2322 δὲ
1318 2265 1644 2339 Θεσσαλίης
1683 2263 1826 2339 ἦλθε
1867 2265 1976 2322 τῶν

385 2351 715 2411 Σκοπαδέων
758 2352 1121 2428 Διακτορίδης
1160 2352 1494 2428 Κρανώνιος·
1539 2356 1598 2410 ἐκ
1639 2351 1698 2409 δὲ
1740 2353 1978 2410 Μολοσ-

386 2440 503 2495 σῶν
533 2435 776 2496 Ἀλκων·
816 2443 1079 2498 τοσοῦτοι
1121 2442 1226 2516 μὲν
1269 2440 1520 2520 ἐγένοντο
1554 2442 1606 2498 οἰ
1641 2443 1977 2516 μνηστῆρες.

384 2521 759 2600 Ἀπικομένων
796 2525 855 2584 δὲ
890 2524 1095 2586 τούτων
1128 2532 1184 2588 ἐς
1213 2527 1316 2601 τήν
1357 2527 1757 2605 προειρημένην
1799 2525 1930 2602 ἦμέ-
1959 2528 2072 2584 128

384 2635 504 2685 ρην,
532 2611 562 2669 ὁ
591 2612 941 2688 Κλεισθένης
974 2619 1168 2690 πρῶτα
1199 2615 1302 2690 μὲν
1327 2614 1427 2677 τὰς
1452 2615 1666 2691 πάτρας
1702 2639 1764 2673 τε
1802 2613 1980 2673 αὐτῶν

385 2695 687 2758 ἀνεπύθετο
730 2701 820 2759 καὶ
849 2700 1009 2781 γένος
1036 2699 1292 2760 ἑκάστου·
1334 2702 1475 2778 μετὰ
1503 2703 1579 2771 δὲ,
1607 2701 1852 2779 κατέχων
1877 2705 1979 2760 ε’νι-

384 2784 551 2843 αυτὸν
586 2785 896 2863 διεπειρᾶτο
934 2785 1110 2847 αὐτῶν
1144 2792 1246 2864 τῆς
1269 2815 1330 2848 τε
1357 2788 1724 2870 ἀνδραγαθίης
1759 2788 1850 2844 καὶ
1881 2791 1981 2861 τῆς

384 2871 571 2952 ὀργῆς,
603 2875 695 2932 καὶ
720 2873 1043 2939 παιδεύσιός
1066 2901 1127 2935 τε
1155 2877 1246 2934 καὶ
1272 2876 1499 2953 τρόπου·
1541 2877 1632 2935 καὶ
1658 2873 1736 2934 ἑνὶ
1763 2873 1978 2951 ἑκάστῳ

385 2960 479 3019 ἰῶν
504 2964 561 3028 ,ἐς
587 2963 891 3037 συνουσίην
924 2962 1017 3022 καὶ
1053 2963 1359 3034 συνάπασι,
1389 2965 1481 3023 καὶ
1513 2969 1567 3026 ἐς
1603 2960 1887 3043 γυμνάσιά
1916 2985 1978 3018 τε

384 3047 672 3128 ἐξαγινέων
698 3049 827 3109 ὅσοι
852 3049 1003 3125 ἦσαν
1030 3050 1210 3111 αὐτῶν
1236 3052 1506 3128 νεώτεροι,
1537 3052 1644 3120 καὶ,
1673 3049 1739 3108 τό
1777 3073 1844 3129 γε
1883 3047 1978 3123 μέ-

380 3161 594 3216 γιστον,
618 3143 677 3198 ἐν
701 3143 772 3216 τῇ
800 3139 1067 3218 συνεστίῃ
1094 3139 1426 3216 διεπειρᾶτο·
1455 3139 1596 3196 ὅσον
1621 3136 1729 3216 γὰρ
1759 3139 1978 3213 κατεῖχε

378 3224 585 3302 χρόνον
612 3225 827 3295 αὕτούς,
855 3228 1055 3284 τοῦτον
1080 3226 1264 3286 πάντα
1293 3225 1470 3284 ἐποίεε
1498 3224 1588 3282 καὶ
1615 3221 1732 3298 ἅμα
1757 3223 1978 3292 ἐξείνιζε

376 3313 861 3395 μεγαλοπρεπέως.
951 3311 1043 3370 καὶ
1074 3312 1144 3388 δή
1185 3337 1284 3371 κου
1318 3310 1571 3388 μάλιστα
1595 3313 1704 3372 τῶν
1729 3308 1978 3388 μνηστή-
