2259 3500
303 125 367 174 84
918 125 1285 174 ἩΡοΔοτοτ
1782 123 1909 188 [VI.

305 202 556 281 σαμένου
603 202 950 282 Λευτυχίδεω
998 203 1301 282 Πέρκαλον
1345 204 1451 280 τήν
1502 203 1757 266 Χίλωνος
1806 209 1910 265 τοῦ

301 291 674 368 Δημαρμένου
712 291 1004 371 θυγατέρα,
1033 291 1066 351 ὁ
1101 291 1441 369 Δημάρητος
1476 290 1907 367 ἐπιβουλεύσας,

301 378 606 458 α’,ποστερεῖ
630 380 970 458 Λευτυχίδεα
995 384 1096 440 τοῦ
1122 379 1326 461 γάμου,
1356 377 1587 456 φθάσας
1612 378 1780 442 αὐτὸς
1802 380 1909 456 τήν

303 469 603 545 Πέρκαλον
637 467 896 545 ἀρπάσας
923 469 1016 528 καὶ
1041 468 1201 548 σχών
1226 471 1481 548 γυναῖκα.
1564 466 1706 526 κατὰ
1737 471 1907 528 τοῦτο

300 557 406 632 μὲν
431 561 507 635 τῷ
532 556 844 635 Λευτυχίδῃ
869 555 906 632 ἦ
935 557 1109 636 ἔχθρη
1136 555 1174 632 ἦ
1204 561 1258 620 ἐς
1291 554 1392 616 τᾶν
1417 554 1757 632 Δημάρητον
1788 560 1905 636 ἐγε-

297 643 476 724 γόνεε·
516 643 646 704 τότε
677 643 736 702 δὲ
763 648 825 702 ἐκ
850 647 951 720 τῆς
979 645 1329 722 Κλεομένεος
1354 644 1667 721 προθυμίης
1706 641 1739 702 ὁ
1764 649 1905 702 Λευ-

296 732 524 811 τυχίδης
582 731 919 809 κατόμνυται
973 730 1332 809 Δημαρήτου,
1387 730 1503 807 φοῖς
1570 729 1741 790 αύτόν
1802 730 1904 791 οὐκ

299 821 620 898 ἱκνεομένως
645 820 976 897 βασιλεύειν
999 820 1389 897 Σπαρτιητέων
1416 817 1513 878 οὐκ
1542 817 1703 878 ἐόντα
1728 819 1903 878 παῖδα

297 905 652 984 Ἀρίστωνος·
693 908 835 985 μετὰ
863 909 924 968 δὲ
948 907 1054 984 τήν
1081 908 1439 984 κατωμοσίην
1466 906 1652 965 ἐδίωκε
1686 904 1902 966 ἀνασώ-

300 995 406 1064 ζων
449 1000 624 1056 ἐκεῖνο
664 995 730 1056 τό
775 997 905 1060 ἔπος
943 995 1014 1056 τό
1055 995 1178 1056 εἶπε
1212 994 1488 1072 Ἀρίστων
1530 992 1674 1069 τότε,
1714 991 1809 1054 ὅτε
1848 998 1903 1054 οἶ

305 1081 592 1164 ἐξήγγειλε
619 1082 651 1143 ὁ
678 1083 892 1158 οἰκέτης
921 1083 1094 1144 παῖδα
1122 1084 1436 1164 -γεγονέναι,
1464 1081 1495 1143 ὁ
1534 1081 1594 1140 δὲ
1634 1083 1901 1158 συμβαλ-
1966 1113 1971 1120 ·

298 1168 565 1245 λεόμενος
589 1168 719 1232 τούς
743 1173 920 1244 μῆνας
941 1169 1228 1246 ἀπώμοσε,
1251 1169 1365 1246 φὰς
1386 1167 1486 1230 οὐκ
1515 1171 1714 1228 ἐωυτοῦ
1742 1167 1898 1229 εἶναι·

298 1256 496 1316 τούτου
545 1256 612 1333 δὴ
659 1257 1001 1332 ἐπιβατεύων
1042 1261 1142 1318 τοῦ
1184 1257 1431 1334 ῥήματος
1472 1256 1506 1319 ὅ
1541 1257 1899 1336 Λευτυχίδης,

297 1343 573 1420 α’,πέφαινε
613 1343 722 1422 τᾶνΔ
740 1343 1080 1422 Δημάρητον
1121 1345 1248 1406 οὔτε
1285 1346 1347 1416 ἐξ
1369 1345 1707 1422 Ἀρίστωνος
1738 1371 1900 1426 γεγο-
1918 1367 1928 1378 ·

297 1431 449 1506 νότα,
497 1431 624 1493 οὔτε
667 1434 987 1509 ἱκνευμένως
1025 1433 1412 1510 βασιλεύοντα
1450 1433 1730 1510 Σπάρτης,
1770 1433 1902 1498 τούς

298 1519 538 1599 ἐφόρους
562 1519 845 1599 μάρτυρας
877 1521 1259 1601 παρεχόμενος
1299 1522 1508 1585 κείνους
1534 1520 1589 1584 οἳ
1612 1520 1741 1581 τότε
1782 1521 1899 1582 ἔτυ-

296 1635 404 1688 χον
435 1609 706 1688 πάρεδροί
736 1635 800 1669 τε
829 1610 1012 1674 ἐόντες
1043 1612 1137 1670 καὶ
1172 1608 1512 1674 ἀκούσαντες
1537 1611 1715 1670 ταῦτα
1749 1608 1897 1686 Ἀρί-

203 1697 278 1758 66
299 1723 528 1763 στωνος.
591 1696 769 1761 Τέλος
796 1697 872 1771 δὲ,
895 1698 1094 1761 ἐόντων
1118 1699 1247 1777 περὶ
1274 1697 1455 1761 αὐτῶν
1480 1697 1718 1759 νεικέων·
1748 1691 1899 1767 ἔδοξε

298 1788 688 1866 Σπαρτιήτῃσι
721 1788 1040 1865 ἐπείρεσθαι
1069 1788 1138 1848 τό
1165 1786 1511 1867 χρηστήριον
1548 1785 1617 1847 τό
1658 1790 1716 1845 ἐν
1752 1790 1897 1844 Δελ-

297 1879 465 1951 φοῖσι
493 1880 540 1934 εἰ
563 1875 900 1951 Ἀρίστωνος
927 1876 1010 1951 εἴη
1038 1879 1169 1939 παῖς
1195 1876 1227 1935 ὁ
1256 1874 1618 1952 Δημάρητος;
1646 1872 1897 1951 ἆνῴστου

297 1963 357 2021 δὲ
396 1962 696 2043 γενομένου
745 1966 805 2020 ἐκ
848 1964 1112 2041 προνοίης
1154 1967 1257 2043 τῆς
1304 1961 1657 2039 Κλεομένεος
1698 1965 1753 2024 ἐς
1792 1959 1898 2035 τήν

295 2051 534 2123 Πυθίην,
571 2049 808 2110 ἐνθαῦτα
842 2052 1244 2126 προσποιέεται
1281 2050 1607 2127 Κλεομένης
1649 2047 1896 2125 Κόβωνα

298 2135 400 2197 τὸν
417 2134 883 2213 Ἀριστοφάντου,
901 2136 1074 2215 ἄνδρα
1094 2143 1155 2198 ἐν
1171 2142 1462 2213 Δελφοῖσι
1489 2136 1896 2205 δυναστεύοντα

294 2224 584 2304 μέγιστον·
627 2222 659 2282 ὁ
703 2223 761 2282 δὲ
806 2223 1018 2301 Κόβων
1067 2226 1401 2302 Περίαλλαν
1442 2224 1548 2301 τὴν
1588 2223 1896 2301 πρόμαντιν

295 2311 580 2373 ἀναπείθει
615 2310 686 2372 τοὶ
716 2314 1042 2391 Κλεομένης
1079 2313 1353 2390 ἐβούλετο
1389 2314 1663 2395 λέγεσθαι
1688 2312 1893 2393 λέγειν.

297 2399 439 2461 οὕτω
487 2400 554 2475 δὴ
601 2400 638 2475 ἦ
683 2401 887 2478 Πυθίη,
937 2401 1351 2480 ἐπειρωτώντων
1396 2404 1507 2463 τῶν
1552 2398 1893 2477 θεοπρόπων,

295 2488 467 2565 ἔκρινε
483 2488 564 2566 μὴ
578 2487 914 2566 Ἀρίστωνος
930 2490 1068 2551 εἶναι
1085 2490 1427 2568 Δημάρητον
1445 2489 1636 2549 παῖδα.
1681 2487 1897 2567 ὑστέρῳ

293 2577 502 2661 μέντοιο
519 2575 702 2656 χρόνῳ
739 2577 1036 2639 ἀνάπυστα
1075 2581 1295 2660 ἐγένετο
1333 2582 1526 2647 ταῦτα,
1556 2576 1648 2635 καὶ
1685 2574 1897 2651 Κόβων

292 2690 355 2725 τε
402 2665 575 2745 ἔφυγε
624 2669 684 2723 ἐκ
727 2669 973 2742 Δελφῶν
1020 2668 1112 2727 καὶ
1153 2665 1455 2743 Περίαλλα
1499 2663 1536 2740 ἦ
1586 2662 1895 2741 πρόμαντις
1944 2718 1957 2731 .

293 2751 551 2829 ἐπαύσθη
591 2756 692 2828 τῆς
729 2756 908 2829 τιμῆς.

201 2841 276 2902 67
361 2840 526 2901 Κατοῖ
580 2842 683 2917 μὲν
735 2840 802 2916 δή
859 2838 1203 2915 Δημαρήτου
1249 2838 1353 2915 τὴν
1400 2838 1751 2899 κατάπαυσιν
1794 2842 1899 2913 τῆς

293 2930 606 3006 βασιληίης
642 2928 781 2989 οὕτω
819 2928 1056 3009 ἐγένετο.
1140 2926 1341 3006 ἔφευγε
1378 2925 1438 2985 δὲ
1470 2924 1807 3003 Δημάρητος
1835 2930 1897 2983 ἐκ

294 3017 555 3094 Σπάρτης
593 3023 647 3082 ἐς
683 3016 913 3093 Μήδους
951 3018 1011 3073 ἐκ
1045 3014 1263 3073 τοιοῦδε
1307 3012 1559 3079 ὀνείδεος·
1613 3012 1757 3090 μετοὶ
1795 3016 1897 3087 τῆς

294 3106 606 3183 βασιληίης
639 3104 743 3182 τὴν
779 3102 1130 3163 κατάπαυσιν
1158 3100 1189 3160 ὅ
1210 3101 1557 3180 ,Δημάρητος
1582 3099 1724 3179 ἦρχε
1750 3102 1896 3177 αἶρε-

296 3192 410 3257 θεὶς
449 3192 646 3275 οἷρχήν.
727 3192 878 3271 ἦσαν
912 3193 1016 3267 μὲν
1053 3188 1120 3265 δὴ
1152 3190 1564 3270 γυμνοπαιδίαι·
1622 3187 1897 3264 θεωμένου

294 3278 355 3335 δὲ
379 3285 478 3339 τοῦ
507 3281 868 3359 Δημαρήτου,
897 3278 929 3339 ὁ
950 3277 1293 3355 Λευτυχίδης
1332 3275 1575 3357 γεγονιιῖς
1599 3274 1707 3350 ἤδη
1732 3271 1898 3334 αὐτὸς
