2259 3500
308 119 582 183 109—111]
677 117 682 122 ·
917 119 1289 170 ΚΑΛΛῙΟΠΗ.
1726 183 1729 188 ¹
1804 123 1899 169 333

304 201 365 260 δὲ
414 199 521 276 τὴν
567 199 858 274 Ἑλλήνων
895 203 1191 281 γλῶσσαν,
1232 203 1594 258 ΤΕΛΕῙΟΝ·
1644 198 1773 259 τότε
1812 200 1906 258 καὶ

302 288 408 364 τήν
434 287 690 364 κεφαλήν
725 292 940 365 σμᾶται
970 290 1180 364 μοῦνον
1215 286 1510 365 βασιλεῦς,
1548 287 1641 346 καὶ
1675 288 1907 396 Πέρσας

305 375 580 452 δωρέεται·
621 374 826 451 ταύτην
853 375 920 451 δη
948 375 1051 452 τήν
1085 375 1299 453 ἡμέρην
1327 374 1698 451 φυλάξασα“
1660 401 1697 448 η
1724 373 1906 453 Ἀμη-

305 488 481 540 στρις,
507 461 702 542 χρῄζει
726 467 827 522 τοῦ
859 463 1075 540 Ξέρξεω
1111 463 1347 537 δοθῆναί
1378 467 1431 522 οἱ
1463 462 1569 537 τήν
1595 465 1908 524 Μασίστεω

304 555 555 632 γυναῖκα·
599 549 630 610 ὁ
658 550 717 609 δὲ
743 550 922 611 δεινόν
945 577 1009 610 τε
1037 550 1128 609 καὶ
1156 549 1427 627 ἀνάρσιον
1454 552 1716 624 ἐποιέετο,
1738 555 1907 612 τοῦτο

304 641 409 715 μὲν
455 638 736 713 ἀδελφεοῦ
776 641 1011 718 γυναῖκα
1045 638 1403 716 παραδοῦναι,
1446 641 1615 698 τοῦτο
1659 639 1719 698 δὲ
1758 639 1906 699 ἄναι-

305 728 430 802 τίην
477 730 682 785 ἐοῦσαν
733 729 832 785 τοῦ
885 725 1216 807 πρήγματος
1256 725 1476 786 τούτου·
1546 730 1752 802 συνῆκε
1797 727 1908 808 γοῖρ

307 817 408 873 τοῦ
434 813 634 873 εἵνεκεν
669 813 868 876 ἐδέετο.
950 815 1128 877 Τέλος
1160 815 1367 891 μέντοι,
1396 815 1575 890 κείνης
1606 840 1669 872 τε
1703 819 1866 873 λιπα-
1890 817 1997 876 111

307 901 546 978 ρεούσης
572 901 664 960 καὶ
689 900 799 961 ὖπό
824 903 927 960 τοῦ
960 901 1132 977 νόμου
1175 900 1549 982 ἐξεργόμενος·
1592 901 1678 961 ὅτι
1704 901 1909 980 σ’,τυχῆ-

309 1015 412 1048 σαι
445 989 545 1050 τὸν
582 987 862 1068 χρῄζοντα
904 988 969 1048 οὗ
1009 995 1122 1065 σφι
1163 988 1393 1049 δυνατόν
1435 995 1557 1049 ἐστι
1595 990 1910 1065 βασιληίου

311 1078 532 1137 δείπνου
557 1078 939 1155 προκειμένου·
977 1076 1153 1154 κάρτα
1180 1077 1249 1153 δή
1276 1077 1451 1138 ἀέκων
1477 1078 1775 1137 κατανεύει·
1818 1079 1911 1137 καὶ

297 1164 590 1242 -παραδοῦς
635 1165 812 1225 ποιέει
853 1163 976 1224 ὦδε·
1042 1164 1149 1241 τήν
1187 1168 1291 1242 μὲν
1338 1166 1549 1225 κελεύει
1594 1167 1799 1226 ποιέειν
1839 1167 1912 1226 τοὶ

309 1253 598 1330 βούλεται,
627 1253 658 1314 ὁ
686 1254 745 1313 δὲ
778 1252 1286 1332 μεταπεμψάμενος
1318 1253 1419 1314 τὸν
1454 1253 1733 1330 ἀδελφεὰν
1758 1256 1913 1336 λέγει

309 1341 460 1400 τάδε·
501 1353 536 1378 “
553 1343 850 1413 Μασίστα,
875 1341 951 1401 σύ
993 1341 1072 1404 εἶς
1103 1342 1344 1418 Δαρείου
1374 1367 1437 1401 τε
1472 1346 1618 1412 παῖς,
1656 1343 1747 1401 καὶ
1781 1343 1913 1420 ἐμός

311 1427 606 1505 ἀδελφεός·
647 1429 788 1506 πρός
813 1429 918 1488 δ”’
890 1455 970 1489 ετι
994 1428 1263 1498 τούτοισι,
1293 1428 1385 1486 καὶ
1412 1428 1487 1492 εἷς
1512 1427 1653 1506 ἀνὴρ
1679 1428 1907 1510 ἀγαθός·
1922 1504 1933 1517 ὅ

310 1515 526 1622 γυναικὶ
574 1515 642 1592 δὴ
684 1516 858 1596 ταύτῃ
903 1521 976 1596 τῇ
1015 1520 1114 1577 νῦν
1154 1516 1471 1584 συνοικέεις,
1518 1515 1599 1592 μὴ
1642 1517 1911 1576 συνοίκεε·

313 1594 468 1662 οἷλλά
493 1629 582 1662 τοι
607 1603 722 1664 ἄντ’
749 1603 918 1679 αὐτῆς
946 1603 1054 1686 ε’γω
1089 1603 1283 1680 δίδωμι
1311 1603 1588 1713 θυγατέρα
1623 1603 1727 1679 τήν
1754 1603 1912 1680 ἐμήν·

311 1691 485 1771 ταύτῃ
512 1692 778 1765 συνοίκεε,
807 1691 911 1767 τήν
938 1692 999 1752 δὲ
1023 1694 1122 1753 νῦν
1148 1693 1305 1771 ἔχεις,
1334 1717 1399 1751 ου
1428 1717 1539 1773 γαρ
1566 1692 1795 1751 δοκέει’
1771 1692 1912 1770 εμοὶ,

312 1780 394 1857 μὴ
439 1782 532 1859 ἔχε
570 1780 854 1861 γυναῖκα·”
895 1780 926 1840 ὅ
970 1781 1030 1840 δὲ
1073 1782 1396 1857 Μασίστης
1423 1780 1803 1857 ἀποθωμάσας
1842 1780 1915 1840 τοὶ

313 1867 607 1949 λεγόμενα,
635 1870 792 1949 λέγει
815 1868 966 1927 τάδε·
1010 1867 1101 1905 “’
1064 1895 1106 1927 ω
1144 1861 1411 1939 δέσποτα,
1438 1868 1562 1951 τίνα
1600 1894 1699 1945 μοι
1738 1867 1915 1949 λόγον

314 1956 498 2037 λέγεις
539 1982 841 2036 αχρηστον,
890 1955 1126 2016 κελεύων
1167 1982 1240 2032 με
1284 1960 1533 2037 γυναῖκα,
1574 1961 1633 2015 ἐκ
1674 1960 1774 2032 τῆς
1818 1982 1919 2033 μοι

313 2044 505 2107 παῖδες
521 2047 754 2152 νεηνίαι
794 2046 860 2104 τέ
899 2049 1010 2104 εἶσι
1057 2045 1150 2103 καὶ
1198 2044 1507 2124 θυγατέρες,
1551 2048 1661 2104 τῶν
1702 2045 1794 2103 καὶ
1839 2044 1914 2104 σύ

313 2133 446 2208 μίαν
471 2137 548 2211 τῷ
573 2133 729 2191 παιδὶ
759 2136 836 2211 τῷ
869 2136 1116 2193 σεωυτοῦ
1151 2132 1362 2213 ἠγάγεο
1398 2136 1648 2214 γυναῖκα,
1676 2131 1817 2208 αὐτή
1849 2133 1915 2192 τέ

314 2245 413 2295 μοι
460 2218 602 2279 κατ-οὶ
646 2219 776 2279 νόον
821 2219 1085 2299 τυγχάνει
1131 2219 1323 2296 κάρτα
1356 2225 1545 2291 ἐοῦσα,
1589 2220 1795 2297 ταύτην
1840 2246 1913 2296 με

317 2304 558 2368 κελεύεις
582 2306 832 2381 μετέντα,
861 2305 1267 2387 θυγατέρα·τῆν
1292 2307 1404 2382 σήν
1438 2313 1651 2389 γῆμαι;
1697 2309 1805 2389 ἐγώ
1839 2310 1914 2379 δὲ,

283 2394 584 2469 -βασιλεῦ,
630 2393 779 2473 μέγα
823 2394 926 2469 μὲν
969 2396 1231 2470 ποιεῦμαι
1284 2394 1599 2473 ἀξιεύμενος
1646 2397 1919 2477 θυγατρὸς

315 2484 417 2555 τῆς
462 2484 586 2555 σῆς,
630 2480 852 2555 ποιήσω
899 2481 1092 2557 μέντοι
1136 2481 1344 2542 τούτων
1390 2482 1667 2559 οὐδέτερα·
1736 2482 1811 2541 σύ
1859 2484 1929 2543 δὲ.

316 2568 583 2645 μηδαμῶς
607 2570 721 2645 βιῶ
746 2568 1076 2650 πρήγματος
1101 2569 1318 2629 τοιοῦδε
1349 2570 1623 2647 δεόμενος·
1665 2569 1821 2628 ἀλλὰ
1844 2574 1919 2648 τῇ

315 2682 378 2715 τε
417 2661 498 2735 σῇ
545 2657 778 2737 θυγατρὶ
819 2656 960 2734 α’,νηρ
1003 2656 1183 2721 ἄλλος
1227 2657 1541 2733 φανησεται
1587 2660 1717 2733 ἐμεῦ
1760 2657 1920 2717 ουδὲν

316 2742 530 2819 ἥσσων,
576 2745 677 2822 ἐμέ
717 2770 779 2805 τε
826 2745 890 2803 ἔα
933 2746 1154 2827 γυναικὶ
1189 2749 1261 2823 τῇ
1302 2750 1408 2824 ἐμῇ
1451 2743 1788 2805 συνοικέειν.
1885 2744 1917 2805 ὅ

316 2834 421 2908 μὲν
466 2832 534 2908 δὴ
580 2832 886 2892 τοιούτοισι
928 2830 1243 2911 ἀμείβεται·
1296 2833 1509 2911 Ξέρξης
1550 2832 1610 2892 δὲ
1652 2832 1919 2910 θυμωθεὶς

318 2921 474 3002 λέγει
515 2920 664 2980 τάδε·
709 2932 742 2957 “
761 2920 902 2981 οὕτω
942 2947 1046 2991 τοι,
1093 2922 1391 2990 Μασίστα,
1417 2922 1749 2999 πέπρηκται·
1793 2919 1919 2981 οὔτε

317 3008 428 3089 γὰρ
477 3007 546 3068 ἄν
591 3035 680 3069 τοι
725 3008 870 3087 δῴην
917 3009 1193 3091 θυγατέρα
1232 3008 1336 3085 τήν
1376 3008 1516 3087 ἐμὴν
1553 3013 1747 3089 γῆμαι,
1792 3007 1919 3068 οὔτε

319 3098 498 3175 ἐκείνῃ
533 3100 750 3156 πλεῦνα
785 3095 988 3175 χρόνον
1019 3095 1391 3173 συνοικήσεις·
1434 3095 1505 3160 ὥς
1538 3097 1722 3175 μάθῃς
1745 3096 1815 3157 τοὶ
1841 3096 1919 3157 δι-

319 3184 525 3263 δόμενα
577 3182 886 3244 δέκεσθαιῗ
966 3185 1108 3245 οδὲ
1154 3184 1223 3247 ὥς
1266 3187 1443 3244 ταῦτα
1487 3182 1712 3259 ἤκουσε,
1762 3184 1921 3249 εἶπας

316 3273 572 3406 *rofi-&322
633 3273 834 3355 ἐχώρεε
891 3272 1012 3344 ἔξω·
1095 3284 1130 3310 “
1148 3272 1412 3341 δέσποτα,
1468 3270 1535 3331 οὐ
1594 3272 1663 3347 δή
1722 3272 1799 3333 κώ
1850 3300 1921 3344 με
