2259 3500
317 90 413 137 292
935 84 1299 133 ’.ΗΡΟΔΟΤΟΤ
1780 86 1910 151 [IX.

321 170 423 245 μὲν
456 172 511 230 ἐς
543 166 765 244 ἄμαξαν
800 163 1055 226 ἐσθέντες
1084 161 1186 223 τὸν
1220 163 1415 241 νεκρὰν
1447 163 1604 242 παρὰ
1636 164 1738 229 τοὶς
1761 165 1915 238 τάξις

321 255 590 332 ἐκόμιζον·
635 251 666 312 ὁ
693 253 753 311 δὲ
779 250 969 327 νεκρός
987 248 1056 327 ἦν
1085 250 1215 327 θέης
1240 250 1408 321 ἄξιος,
1434 252 1709 333 μεγάθεος
1736 256 1919 315 εἵνεκα

321 343 410 401 καὶ
437 341 695 403 κάλλεος·
735 344 844 399 τῶν
871 339 930 398 δὲ
959 339 1139 399 εἵνεκα
1166 340 1259 397 καὶ
1283 344 1457 399 ταῦτα
1479 341 1715 401 ἐποίευν·
1743 345 1919 403 ἐκλεί-

319 448 516 493 ποντες
554 428 653 491 τοὶς
699 428 851 497 τάξις
899 427 1154 503 ἐφοίτεον
1196 427 1529 504 θεησόμενοι
1568 431 1917 492 Μασίστιον·

319 517 460 594 μετὰ
503 517 580 588 δὲ,
625 516 778 586 ἔδοξέ
819 521 932 591 σφι
974 517 1383 592 ἐπικαταβῆναι
1426 520 1480 579 ἐς
1518 518 1829 582 Πλαταιάς·
1884 514 1918 579 ὅ

319 605 427 686 γὰρ
464 610 644 686 χῶρος
681 605 940 680 ἐφαίνετο
975 606 1175 681 πολλῷ
1210 603 1310 662 ἐῶν
1348 604 1768 681 ἐπιτηδειότερός
1803 614 1919 684 σφι

323 692 925 771 ἐνστρατοπεδεύεσθαι
966 691 999 751 ὅ
1041 690 1385 753 Πλαταιῖκός
1432 696 1532 750 τοῦ
1571 691 1919 769 Ἐρυθραίου,

321 783 394 841 τά
416 808 478 842 τε
504 782 674 853 ἅλλα,
697 781 788 840 καὶ
816 778 1185 857 εὖῦδρότερος·
1215 784 1269 842 ἐς
1294 783 1494 839 τοῦτον
1514 780 1582 855 δὴ
1603 780 1700 840 τόν
1719 786 1918 859 χῶρον,

325 872 416 929 καὶ
452 871 543 929 ἐπὶ
583 870 688 947 τήν
719 868 924 947 κρήνην
957 868 1061 943 τὴν
1089 868 1421 948 Γαργαφίην
1445 866 1549 944 τὴν
1576 872 1634 927 ἐν
1660 874 1736 947 τῷ
1760 869 1919 950 χώρῳ

321 957 498 1038 τούτῳ
527 962 747 1027 ἐοῦσαν,
778 956 931 1026 ἔδοξέ
965 961 1078 1031 σφι
1101 955 1271 1035 χρεόν
1308 955 1447 1015 εἶναι
1472 954 1789 1029 ἀπικέσθαι,
1830 959 1922 1015 καὶ

324 1047 719 1126 διαταχθέντας
755 1044 1319 1121 στρατοπεδεύεσθαι·
1361 1042 1745 1119 ἀναλαβόντες
1772 1044 1832 1104 δὲ
1850 1044 1921 1104 τσῖ

325 1132 494 1203 ὅπλα,
522 1133 694 1209 ἤϊσαν
721 1131 811 1191 διὰ
835 1136 937 1207 τῆς
961 1132 1231 1207 ὕπωρείης
1265 1136 1366 1191 τοῦ
1394 1133 1738 1208 Κιθαιρῶνος
1768 1132 1921 1209 παρὰ

323 1220 519 1283 Ὑσιὰς
556 1225 612 1283 ἐς
644 1220 747 1296 τὴν
784 1220 1104 1278 Πλαταιΐδα
1138 1224 1262 1300 γῆν,
1300 1218 1627 1296 ἀπικόμενοι
1660 1220 1719 1278 δὲ
1760 1219 1919 1280 ἐτάσ-

325 1334 496 1369 σοντο
520 1307 659 1367 κατοῖ
686 1310 844 1368 ἔθνεα
870 1308 1120 1382 πλησίον
1141 1312 1241 1382 τῆς
1264 1333 1326 1367 τε
1354 1307 1555 1385 κρήνης
1579 1312 1680 1384 τῆς
1706 1314 1921 1389 Γαργα-

323 1398 461 1472 φίης
489 1398 579 1456 καὶ
603 1401 704 1457 τοῦ
738 1403 993 1473 τεμένεος
1023 1400 1122 1456 τοῦ
1147 1394 1579 1473 Ἀνδροκράτεος
1602 1400 1703 1455 τοῦ
1728 1395 1921 1474 ἥρωος,

323 1485 422 1544 διὰ
449 1484 633 1565 ὄχθων
655 1511 717 1545 τε
746 1484 844 1544 οὔκ
870 1484 1104 1563 ὖψηλῶν
1132 1485 1224 1543 καὶ
1252 1483 1457 1543 α’πέδου
1482 1485 1707 1562 χωρίου.

231 1576 267 1633 2
274 1576 328 1633 6’
405 1572 682 1634 Ἐνθαΰτα
726 1578 784 1633 ἐν
825 1578 898 1652 τῇ
941 1572 1157 1642 διατάξι
1211 1573 1426 1651 ἐγένετο
1468 1572 1653 1653 λόγων
1704 1572 1924 1638 πολλὸς

333 1660 580 1739 ὦθισμὸς
605 1662 917 1743 Τεγεητέων
941 1686 1004 1720 τε
1040 1661 1131 1719 καὶ
1156 1659 1479 1736 Ἀθηναίων·
1524 1660 1787 1719 ἐδικαίευν
1811 1660 1921 1741 γὰρ

329 1751 486 1811 αὐτοὶ
523 1749 769 1829 ἑκάτεροι
805 1752 950 1830 ἔχειν
980 1748 1045 1810 τό
1082 1748 1270 1827 ἕτερον
1306 1751 1484 1826 κέρας,
1512 1748 1603 1808 καὶ
1636 1747 1795 1808 καινσΪ
1832 1748 1925 1808 καὶ

328 1839 544 1898 παλαισῖ
569 1839 989 1915 παραφέροντες
1023 1838 1176 1917 ἔργα.
1258 1841 1425 1897 τοῦτο
1450 1838 1554 1914 μὲν
1580 1840 1633 1896 οἱ
1658 1841 1925 1916 Τεγεῆται

330 1927 524 2008 ἔλεγον
550 1926 699 1986 τάδε·
743 1936 778 1961 “
794 1924 955 2002 Ιἡμεῖς
979 1926 1089 1983 αἰεί
1112 1950 1241 1985 κοτε
1279 1924 1574 2002 ἀξιεύμεθα
1599 1924 1801 2000 ταύτης
1824 1929 1925 2000 τῆς

327 2013 512 2084 τάξιος
550 2020 610 2073 ἐκ
643 2016 753 2074 τῶν
789 2012 1101 2091 συμμάχων
1139 2012 1409 2084 ἅπάντων,
1446 2011 1579 2071 ὅσαι
1605 2011 1711 2089 ἤδη
1748 2012 1926 2082 ἔξοδοι

330 2103 506 2161 κοιναὶ
528 2102 779 2182 ἐγένοντο
808 2100 1328 2176 Πελοποννησίοισι
1355 2101 1447 2160 καὶ
1472 2101 1537 2162 vd
1564 2102 1809 2162 παλαιᾶν
1834 2101 1925 2160 καὶ

326 2190 395 2249 τὰ
431 2189 568 2260 νέον,
600 2188 663 2257 ἐξ
697 2188 904 2247 ἐκείνου
937 2192 1040 2248 τοῦ
1055 2231 1062 2236 -
1073 2188 1280 2266 χρόνου
1315 2189 1440 2248 ἐπεί
1469 2215 1531 2249 τε
1565 2188 1926 2266 Ἡρακλεῖδαι

331 2279 622 2352 ἐπειρῶντο
658 2274 800 2355 μετὰ
836 2274 936 2335 τὸν
963 2274 1282 2354 Εὐρυσθέος
1309 2275 1547 2336 θάνατον
1570 2277 1845 2340 κατιόντες
1872 2281 1927 2340 ἐς
1959 2272 1965 2276 ”

331 2361 786 2439 Πελοπόννησον.
871 2363 1001 2424 τότε
1038 2363 1311 2442 εὖρόμεθα
1350 2369 1515 2423 τοῦτο
1557 2363 1648 2423 ὃιοὶ
1692 2369 1928 2446 πρῆγμα

329 2449 560 2532 τοιόνδε·
621 2453 740 2512 ἐπεὶ
780 2452 923 2530 μετὰ
963 2450 1209 2531 Ἀχαιῶν
1254 2453 1346 2512 καὶ
1386 2451 1584 2512 Ἰώνων
1634 2457 1745 2512 τῶν
1796 2451 1925 2512 τότε

330 2536 526 2600 ἐόντων
551 2545 611 2600 ἐν
638 2539 1078 2619 Πελοποννήσῳ,
1107 2541 1560 2617 ἐκβοηθήσαντες
1582 2544 1635 2604 ἐς
1661 2539 1759 2600 τὸν
1778 2538 1927 2600 Ἰσθ-

329 2627 438 2703 μὸν
471 2627 700 2705 ἱζόμεθα
741 2627 916 2689 ἀντίοι
959 2631 1110 2688 τοῖσι
1158 2632 1432 2688 κατιοῦσι·
1472 2628 1601 2687 τότε
1642 2627 1717 2687 ὧν
1756 2626 1929 2709 λόγος
2000 2697 2015 2716 ⁸

322 2715 539 2775 ’Ὕλλον
566 2715 1002 2796 ἀγορεύσασθαι,
1033 2714 1103 2777 ὥς
1127 2715 1295 2794 χρεόν
1322 2717 1405 2791 εἴη
1429 2714 1529 2776 τὸν
1555 2717 1658 2792 μὲν
1685 2714 1931 2793 στρατόν

328 2806 406 2882 τῷ
444 2808 666 2882 στρατῷ
700 2803 780 2880 μὴ
814 2802 1245 2862 ἀνακινδυνεύειν
1286 2803 1723 2881 συμβάλλοντα·
1775 2809 1834 2862 ἐκ
1871 2803 1931 2862 δὲ

332 2894 432 2951 τοῦ
451 2891 917 2966 Πελοποννησίου
934 2890 1333 2964 στρατοπέδου,
1342 2890 1441 2950 τόν
1455 2889 1524 2951 ἂν
1540 2890 1734 2965 σφέων
1752 2890 1933 2951 αὐτῶν

332 2977 557 3053 κρίνωσι
590 2978 728 3038 εἶναι
765 2977 998 3055 ἄριστον
1036 2975 1238 3036 τοῦτόν
1287 2980 1341 3036 οἱ
1375 2982 1811 3057 μουνομαχῆσαι
1840 2980 1933 3038 ἐπὶ

332 3064 744 3142 διακειμένοισι.
777 3064 932 3133 ἔδοξέ
947 3088 1010 3123 τε
1028 3067 1182 3123 τοῖσι
1209 3066 1733 3141 Πελοποννησίοισι
1757 3070 1932 3126 ταῦτα

335 3149 473 3209 εἶναι
497 3154 746 3227 ποιητέα,
776 3153 868 3212 καὶ
895 3152 1098 3227 ἔταμον
1123 3149 1282 3227 ὅρκια
1311 3152 1401 3210 ἐπὶ
1426 3151 1580 3233 λόγῳ
1607 3153 1817 3231 τοιῷδε·
1860 3151 1933 3230 ἢν

339 3238 435 3310 μὲν
476 3236 691 3300 ’Ὕλλος
745 3237 948 3316 νικήσῃ
998 3237 1098 3298 τὸν
1139 3241 1612 3314 Πελοποννησίων
1660 3239 1932 3321 ἡγεμόνα,
