2259 3500
371 147 594 212 εει-72]
970 143 1379 196 'marmora
1914 145 1975 194 31

370 231 432 288 αἱ
457 226 622 287 αὐταὶ
649 224 782 286 ἔωσι
808 224 988 300 φυλαὶ
1016 225 1108 283 καὶ
1124 223 1303 296 Ἴωσι,
1330 224 1433 286 τᾶν
1450 222 1743 301 ὄμιόνυμον
1762 225 1975 282 Κλεισ-

373 315 535 376 θένεα
570 311 909 390 ἐμιμήσατο.
991 312 1064 376 ὥς
1088 312 1201 394 γὰρ
1236 312 1307 387 δὴ
1334 313 1439 372 -τὸν
1463 310 1771 387 Ἀθηναίων
1796 311 1977 387 δῆμον

371 401 646 480 πρότερον
685 402 1022 479 ἀπωσμένον
1061 401 1189 462 τότε
1230 401 1413 462 πάντα
1452 399 1594 476 πρὸς
1632 398 1737 477 τὴν
1776 403 1979 460 ἑωυτοῦ

349 495 573 568 μοῖραν
626 489 1038 568 προσεθήκατο,
1084 515 1186 554 τας
1228 489 1415 566 φυλαῖς
1466 487 1831 565 μετωνόμασε
1882 488 1975 548 καὶ

372 580 604 656 ἐποίησε
630 582 876 642 πλεῦνας
901 579 965 649 ἐξ
995 576 1347 640 ἐλασσόνων·
1389 577 1521 636 δέκα
1556 601 1618 637 τε
1654 575 1723 652 δή
1756 577 1973 656 φυλάρ-

369 691 504 746 χους
527 666 652 727 ἀντὶ
671 667 958 744 τεσσέρων
985 666 1233 742 ἐποίησε,
1264 665 1395 725 δέκα
1422 665 1481 724 δὲ
1508 690 1599 724 και
1617 691 1748 728 τους
1767 663 1977 742 δήμους

371 756 635 832 κατένεμε
654 758 710 818 ἐς
728 754 828 819 τὰς
849 753 1054 831 φυλάς·
1081 753 1153 830 ἦν
1170 779 1250 823 τε,
1266 778 1367 813 τον
1386 753 1564 830 δῆμον
1575 754 1973 830 προσθέμενος,

371 846 572 921 πολλῷ
598 841 907 920 κατύπερθε
931 845 1042 904 τῶν
1069 841 1569 903 ἀντιστασιωτέων.
1605 839 1705 900 Ἐν
1723 845 1801 919 τῷ
1816 841 1975 918 μέρεϊ
1990 843 2067 902 70

372 928 432 987 δὲ
464 930 804 1007 ἑσσούμενος
834 930 866 990 ὁ
890 929 1209 1011 Ἰσαγόρης,
1246 929 1631 1008 ἀντιτεχνᾶται
1666 927 1816 988 τάδε·
1860 933 1973 988 ἐπι-

372 1019 628 1078 καλέεται
671 1016 1000 1096 Κλεομένεα
1043 1018 1145 1078 τὸν
1184 1015 1639 1094 Λακεδαιμόνιον,
1676 1015 1975 1096 γενόμενον

372 1107 550 1184 ἑωυτῷ
581 1107 758 1176 ξεῖνον
793 1105 908 1166 α’,πὸ
945 1110 1046 1182 τῆς
1082 1105 1595 1182 Πεισιστρατιδέων
1627 1106 1973 1182 πολιορκίης·

369 1193 468 1254 τόν
520 1195 579 1254 δὲ
649 1196 974 1273 Κλεομένεα
1043 1193 1157 1273 εἶχε
1212 1195 1359 1269 αἰτίη
1394 1197 1617 1270 Ιφοιτᾶν
1668 1192 1823 1272 παρὰ
1871 1197 1973 1254 τοῦ

369 1279 670 1428 Ἰσαγόρεω
700 1281 806 1359 τῆν
838 1286 1092 1396 γυναῖκα.
1176 1308 1247 1343 τα
1281 1283 1386 1359 μὲν
1413 1281 1481 1390 δη
1508 1285 1703 1358 πρῶτα
1738 1281 1973 1358 πέμπων

371 1372 784 1448 οΚλεομένης
837 1397 892 1434 ες
945 1396 1045 1434 τας
1103 1368 1346 1445 Ἀθήνας
1403 1369 1631 1447 κήρυκα,
1686 1369 1973 1446 ἐξέβαλλε
2044 1431 2051 1440 ,

371 1459 738 1528 Κλεισθένεα,
780 1458 884 1516 καὶ
911 1458 1030 1536 μετ’
1059 1457 1229 1518 αυτοῦ
1272 1456 1483 1520 ἄλλους
1523 1456 1776 1521 πολλους
1806 1455 1971 1533 Ἀθη-

371 1546 534 1605 ναίων
561 1545 690 1608 τούς
721 1547 946 1626 ἐναγέας
972 1547 1262 1628 ἐπιλέγων·
1290 1549 1465 1605 ταῦτα
1485 1545 1545 1604 δὲ
1564 1545 1797 1621 πέμπων
1814 1546 1974 1626 ἔλεγε

373 1635 435 1690 ἐκ
461 1631 690 1711 διδαχῆς
713 1635 815 1692 τοῦ
839 1631 1163 1714 Ἰσαγόρεω·
1206 1636 1259 1693 οἱ
1277 1637 1381 1710 μὲν
1405 1634 1515 1715 γὰρ
1540 1632 1975 1709 Ἀλκμαιωνίδαι

373 1719 466 1779 καὶ
505 1723 558 1779 οἱ
596 1725 985 1781 συστασιῶται
1025 1720 1203 1782 αὐτῶν
1245 1721 1399 1801 εἶχον
1440 1721 1619 1797 αἰτίην
1652 1724 1753 1781 τοῦ
1787 1720 1967 1797 φόνου

369 1808 587 1869 τούτου·
631 1809 796 1873 αὗτός
836 1810 896 1869 δὲ
936 1808 1002 1869 οὗ
1041 1813 1282 1890 μετεῖχε,
1324 1808 1435 1870 οὔδ’
1478 1813 1532 1869 οἱ
1573 1808 1739 1885 φίλοι
1778 1807 1973 1868 αὖτοῦξ

373 1899 446 1955 Οἱ
462 1895 509 1956 δ’
527 1898 744 1978 ἐναγέες
760 1897 1068 1974 Ἀθηναίων
1091 1896 1194 1957 ὦδε
1216 1897 1646 1975 ὠνομάσθησαν·
1676 1896 1746 1973 ἦν
1766 1894 1971 1957 Κύλων
1988 1897 2062 1960 71

369 1988 478 2045 τῶν
499 1984 806 2061 Ἀθηναίων
831 1985 972 2063 οἶνήρ
998 1985 1455 2063 Ὀλυμπιονίκης·
1484 1983 1645 2049 οὗτος
1665 1985 1756 2045 ἐπὶ
1776 2010 1971 2062 τυραν-

371 2071 476 2132 νίδι
526 2072 789 2149 ἐκόμησε·
849 2072 1385 2151 προσποιησάμενος
1425 2074 1485 2132 δὲ
1528 2074 1807 2150 ἑταιρηίην
1857 2077 1969 2132 τῶν

367 2158 698 2233 ἡλικιωτέων
724 2162 1072 2237 καταλαβεῖν
1105 2160 1209 2236 τήν
1240 2159 1551 2237 ἀκρόπολιν
1580 2162 1862 2238 ἐπειρήθη·
1906 2160 1973 2220 οὗ

369 2246 664 2325 δυνάμενος
715 2248 776 2307 δὲ
835 2252 1223 2327 ἐπικρατῆσαι,
1281 2249 1459 2324 ἱκέτης
1514 2249 1659 2319 ἵζετο
1709 2248 1853 2326 πρός
1904 2250 1971 2310 τὸ
1990 2258 2003 2272 ‘

367 2334 619 2415 ἄγαλμα·
688 2335 914 2399 τούτους
965 2335 1261 2396 α’,νιστέασι
1302 2339 1405 2413 μὲν
1451 2340 1504 2395 οἱ
1550 2336 1813 2413 πρυτάνις
1864 2342 1974 2397 τῶν

369 2421 728 2498 Ναυκράρων,
771 2422 928 2499 οἵπερ
964 2426 1155 2501 ἔνεμον
1191 2423 1320 2485 τότε
1364 2424 1465 2487 τσῖς
1504 2424 1760 2499 Ἀθήνας,
1804 2424 1974 2507 ’ὖπεγ-

365 2508 532 2589 γύους
567 2510 720 2586 πλὴν
758 2510 1015 2572 θανάτου·
1059 2516 1335 2589 φονεῦσαι
1371 2512 1432 2571 δὲ
1464 2511 1661 2575 αὖτούς
1686 2514 1833 2591 αἰτίη
1861 2516 1975 2593 ἔχει

365 2596 822 2674 Ἀλκμαιωνίδας.
903 2603 1080 2663 ταῦτα
1113 2599 1226 2678 πρὸ
1262 2604 1363 2677 τῆς
1398 2600 1821 2729 Πεισιστράτου
1850 2602 1973 2678 ἧλι-

366 2686 488 2760 κίης
515 2685 750 2767 ἐγένετο.

447 2775 774 2850 Κλεομένης
810 2774 868 2835 δὲ
915 2802 986 2839 ως
1024 2776 1259 2853 πέμπων
1302 2777 1582 2854 ἐξέβαλλε
1622 2779 1974 2838 Κλεισθένεα
1990 2779 2067 2837 72

365 2860 458 2919 καὶ
497 2861 626 2924 τούς
661 2864 904 2973 ἐναγέας,
944 2864 1296 2941 Κλεισθένης
1333 2892 1438 2942 μεν
1475 2866 1639 2928 αὗτὸς
1674 2865 2012 2943 ὑπεξέσχε·

362 2948 507 3025 μετοὶ
535 2948 610 3018 δὲ,
641 2948 864 3009 ουδὲν
825 2956 1016 3026 ησσον
1041 2956 1229 3063 παρῆν
1256 2958 1310 3016 ἐς
1334 2952 1437 3017 τοῖς
1460 2952 1759 3029 Ἀθήναςε
1728 2979 1759 3011 ο
1790 2956 1969 3011 Κλεο-

363 3036 534 3112 μένης
561 3036 626 3095 οὗ
653 3062 762 3097 συν
787 3038 1010 3119 μεγάλῃ
1037 3041 1215 3122 χειρὶ,
1229 3040 1561 3117 ἀπικόμενος
1588 3041 1646 3100 δὲ
1673 3024 1973 3119 ἀγηλατέει

366 3124 680 3185 ἑπτακόσια
739 3126 966 3187 ἐπίστια
1020 3116 1345 3203 Α’θηναίων,
1403 3128 1475 3187 τά
1532 3132 1585 3185 οῖ
1640 3127 1877 3185 υπέθετο
1942 3128 1975 3187 ὁ

361 3204 681 3295 Ἰσαγόρης.
735 3218 916 3275 ταῦτα
953 3215 1012 3275 δὲ
1052 3216 1315 3291 ποιήσας,
1354 3215 1581 3290 δεύτερα
1612 3213 1717 3289 τῆν
1747 3214 1973 3291 βουλήν

365 3302 660 3363 καταλύειν
697 3307 970 3379 ἐπειρᾶτο,
998 3303 1377 3381 τριηκοσίοισι
1404 3302 1463 3360 δὲ
1487 3304 1641 3359 τοῖσι
1664 3299 1971 3381 Ἰσαγόρεω
