2259 3500
340 118 435 167 182
947 117 1316 167 ‘HPOAOTOT
1789 119 1944 185 [VIL

243 200 358 258 153
453 196 551 261 Ἐς
584 196 645 257 δὲ
673 195 777 272 τὴν
818 196 1080 271 Σικελίην
1120 196 1295 256 ἄλλοι
1322 222 1386 257 τε
1425 194 1664 257 ἀπίκατο
1705 196 1940 280 ἄγγελοι

334 284 449 346 α’πό
480 289 591 344 τῶν
617 283 931 363 συμμάχων
958 284 1330 361 συμμίξοντες
1366 284 1593 353 Γέλωνι,
1623 286 1715 343 καὶ
1729 310 1734 315 ·
1750 286 1820 362 δὴ
1848 289 1940 347 καὶ

330 372 447 433 ’ἀπὸ
480 377 588 433 τῶν
622 372 1071 448 Λακεδαιμονίων
1105 369 1374 452 Σύαγρος.
1457 376 1557 431 τοῦ
1593 372 1652 430 δὲ
1690 374 1941 440 Γέλωνος

333 460 533 522 τούτου
566 460 859 540 πρόγονος,
901 459 1134 535 οἰκήτωρ
1177 459 1281 519 ἐῶν
1317 460 1513 535 Γέλης,
1549 458 1620 535 ἦν
1658 465 1719 519 ἐκ
1759 462 1940 539 νήσου

333 549 523 624 Τήλου
575 552 676 625 τῆς
730 549 821 607 ἐπὶ
875 547 1117 625 Τριοπίῳ
1173 548 1440 623 κειμένης·
1504 545 1565 610 ὃς
1619 550 1940 628 κτιζομένης

332 638 514 712 Γέλης
537 636 647 697 ὖπό
669 636 903 696 Λινδίων
920 660 983 695 τε
1007 638 1117 694 τῶν
1139 640 1200 694 ἐκ
1225 634 1422 695 Ῥόδου
1451 634 1542 693 καὶ
1567 634 1936 716 Ἀντιφήμου,

334 724 431 783 οὐκ
468 726 723 801 ἐλείφθη·
767 722 873 783 ἅνοῖ
904 721 1109 802 χρόνον
1145 723 1206 781 δὲ
1242 720 1414 782 αὐτοῦ
1451 726 1506 781 οἱ
1543 721 1815 804 ἀπόγονοι
1848 754 1938 808 γε·

332 812 552 889 νόμενοι
576 810 869 891 ἱροφάνται
893 814 1003 870 τῶν
1027 810 1265 888 χθονίων
1287 810 1426 870 θεῶν
1445 810 1721 871 διετέλεον
1737 812 1932 888 ἐόντες,

330 903 576 977 Τηλίνεω
614 900 732 963 ἑνός
756 926 863 963 ,τε-υ
897 904 1008 959 τῶν
1042 898 1332 980 προγόνων
1367 900 1720 977 κτησαμένου
1749 902 1937 983 τρόπῳ

330 990 538 1068 τοιῷδε·
581 994 636 1052 ἐς
676 986 1011 1064 Μακτώριον
1043 986 1215 1047 πόλιν
1245 988 1351 1062 τὴν
1368 1005 1373 1010 ’
1389 986 1527 1064 ὑπὲρ
1561 988 1746 1063 Γέλης
1789 994 1936 1067 οἰκη-

285 1139 290 1143 ,
330 1078 502 1153 μένην
544 1077 757 1157 ἔφυγον
804 1074 993 1151 ἄνδρες
1047 1074 1298 1145 Γελῶων,
1348 1076 1685 1140 ἑσσωθέντες
1739 1104 1934 1138 στασι·

328 1163 559 1225 τούτους
584 1162 657 1222 ὧν
682 1160 715 1221 ὅ
743 1161 983 1237 Τηλίνης
1010 1161 1292 1242 κατήγαγε
1319 1188 1372 1225 ες
1400 1164 1655 1239 Γέλην,”
1627 1190 1766 1244 εχων
1785 1165 1935 1227 ουδε-

328 1250 463 1328 μίαν
514 1249 725 1325 οἷνδρων
770 1248 998 1325 δύναμιν
1046 1247 1178 1308 αλλ’
1224 1249 1314 1326 ἶρα
1360 1250 1567 1311 τούτων
1611 1278 1723 1312 των
1775 1254 1932 1315 θεῶν·

330 1338 459 1399 ὅθεν
498 1338 558 1397 δὲ
579 1336 743 1401 αυτοὶ
784 1334 1034 1412 ἔλαβε*
999 1364 1037 1413 η
1078 1335 1244 1401 αὐτὸς
1292 1336 1585 1413 ἐκτήσατο,
1625 1344 1792 1401 τοῦτο
1834 1369 1934 1402 ουκ

330 1426 439 1505 ἔχω
480 1428 669 1486 εἰπεῖν·
723 1450 974 1486 τουτοισι
1014 1423 1060 1483 δ’
1103 1423 1178 1485 ὧν
1216 1426 1450 1489 πίσυνος
1491 1427 1608 1497 ἐων,
1653 1428 1933 1511 κατήγαγε

330 1513 417 1574 ἐπ’
458 1512 501 1595 ᾧ
547 1538 610 1574 τε
658 1517 712 1573 οἶ
758 1512 1042 1593 ἀπόγονοι
1073 1511 1244 1573 αὐτοῦ
1293 1512 1590 1591 ἱροφανται
1635 1519 1746 1575 τῶν
1793 1518 1934 1579 θεῶν

318 1602 570 1663 ἔσονται.
654 1601 814 1679 θωμοῖ
852 1626 952 1677 μοι
991 1627 1064 1661 ων
1104 1602 1198 1660 καὶ
1237 1605 1408 1661 τοῦτο
1443 1602 1640 1684 γέγονε
1679 1604 1821 1682 πρὸς
1860 1632 1933 1667 τα

327 1689 677 1769 πυνθάνομαι
704 1689 1162 1771 κατεργάσασθαι
1188 1689 1432 1767 Τηλίνην
1453 1690 1615 1772 ἔργον
1634 1696 1929 1756 τοσοῦτον·

326 1779 399 1841 τοὶ
437 1783 671 1841 τοιαῦτα
709 1778 819 1860 γσῖρ
862 1778 1005 1859 ἔργα
1038 1777 1104 1838 οὖ
1137 1778 1277 1855 πρὸς
1315 1783 1416 1838 τοῦ
1451 1777 1696 1844 ἅπαντος
1731 1780 1932 1860 οἷνδρὸς

328 1868 587 1947 νενόμικα
617 1867 892 1949 γίνεσθαι,
920 1865 1076 1924 ἀλλὰ
1106 1865 1248 1942 πρός
1281 1870 1467 1945 ψυχῆς
1495 1893 1557 1927 τε
1593 1867 1807 1948 οἷγαθῆς
1839 1872 1931 1930 καὶ

323 1956 513 2033 ῥώμης
538 1954 813 2032 ἇνδρηΐης·
846 1951 880 2012 ὅ
908 1952 967 2011 δὲ
992 1953 1219 2033 λέγεται
1243 1953 1383 2030 πρὸς
1408 1957 1510 2029 τῆς
1537 1956 1794 2032 Σικελίης
1815 1962 1931 2018 ,τῶν

327 2043 625 2120 οἰκητόρων
643 2041 715 2102 τοὶ
739 2041 1038 2102 ὑπεναντία
1054 2039 1280 2110 τούτων,
1299 2044 1607 2117 πεφυκέναι
1628 2045 1930 2123 θηλυδρίης

321 2157 387 2200 ,τε
428 2131 519 2189 καὶ
556 2129 951 2207 μαλακώτερος
992 2126 1166 2204 οἶνήρ·,
1193 2126 1334 2190 οὕτω
1373 2130 1478 2206 μέν
1517 2157 1614 2192 νυν
1653 2133 1929 2208 ἐκτήσατο

234 2221 347 2278 154
362 2222 533 2277 τοῦτο
564 2217 632 2278 vd
664 2218 850 2298 γέρας·
892 2215 1218 2294 Κλεάνδρου
1249 2217 1309 2276 δὲ
1339 2222 1440 2278 τοῦ
1484 2219 1806 2298 Παντάρεος
1841 2249 1927 2281 τε-

325 2304 701 2381 λευτήσαντος
744 2303 846 2366 τᾶν
890 2305 1040 2382 βίον,
1090 2303 1152 2368 ὃς
1195 2305 1552 2382 ἐτυράννευσε
1597 2309 1702 2384 μὲν
1749 2310 1929 2386 Γέλης

327 2392 465 2453 {vi-ro?
493 2395 617 2454 ἔτεα
642 2393 883 2454 ἀπέθανε
902 2393 964 2452 δὲ
980 2391 1091 2452 ὖπὸ
1121 2391 1434 2469 Σαβύλλου
1461 2392 1658 2472 ἀνδρός
1685 2396 1926 2464 Γελῶου,

326 2482 562 2542 ἐνθαῦτα
601 2479 992 2558 ἀναλαμβάνει
1025 2480 1129 2556 τὴν
1162 2482 1505 2560 μουναρχίην
1536 2481 1926 2561 Ἱπποκράτης,

326 2568 652 2647 Κλεάνδρου
693 2567 794 2629 ἐων
833 2567 1129 2646 αδελφεός·
1172 2569 1394 2647 ἔχοντος
1435 2569 1494 2628 δὲ
1531 2569 1928 2648 Ἱπποκρατεος

323 2656 427 2734 τήν
450 2655 821 2736 τυραννίδα,’
789 2684 821 2717 ο
852 2656 1112 2726 Γέλων,’
1085 2681 1188 2715 εων
1215 2656 1460 2732 Τηλίνεω
1493 2661 1592 2717 τοῦ
1621 2655 1927 2734 ἱροφάντεω

323 2744 617 2825 ἀπόγονος,
643 2747 877 2805 πολλῶν
907 2743 1025 2820 μετ’
1053 2742 1245 2803 ἄλλων
1281 2744 1374 2802 καὶ
1406 2744 1790 2822 Αἰνησιδήμου
1826 2751 1928 2808 τοῦ

320 2833 666 2894 ·Παταῖκοῢ““
634 2860 695 2896 ος
712 2831 783 2910 ἦν
802 2831 1113 2908 δορυφόρος
1137 2829 1534 2908 Ἱπποκράτεος
1558 2877 1762 2894 .....
1783 2861 1927 2913 μετα

324 2921 386 2980 δὲ
410 2949 476 2982 ου
506 2921 741 2988 πολλον
751 2919 955 2999 χρόνον
981 2916 1047 2977 δι’
1075 2917 1278 2995 ἀρετήν
1303 2916 1585 2999 ἀπεδέχθη
1610 2920 1801 2998 πάσης
1825 2927 1927 2998 τῆς

328 3009 501 3070 ἵππου
548 3009 756 3069 εἶναι’
730 3032 1028 3086 ιππαρχος.
1112 3006 1539 3084 πολιορκέοντος
1583 3034 1694 3089 γαρ
1735 3008 1925 3070 Ἰππο-

325 3096 551 3174 κράτεος
605 3095 1038 3158 Καλλιπολίτας
1088 3119 1152 3154 τε
1195 3095 1287 3153 καὶ
1333 3096 1594 3166 Ναξίους,
1645 3096 1735 3154 καὶ
1783 3103 1925 3179 Ζαγ-

325 3185 550 3250 κλαίους
588 3211 653 3246 τε
692 3186 785 3246 καὶ
816 3183 1158 3253 Λεοντίνους,
1192 3183 1284 3240 καὶ
1319 3180 1477 3260 πρός,
1517 3186 1928 3261 Συρηκουσίους

344 3295 387 3327 ἐ
433 3272 526 3329 καὶ
569 3277 679 3333 τῶν
724 3270 1037 3350 βαρβάρων
1076 3268 1336 3349 συχνοῦς,
1379 3269 1520 3345 οἷνῆρ
1561 3271 1820 3346 ἐφαίνετο
1868 3278 1927 3332 ἐν
