2259 3500
302 129 368 178 12
911 127 1281 180 ἮΡοΔοωοα·
1801 130 1909 195 [v;⁴

297 208 585 284 ρημένους,
623 209 849 283 ἔφασαν
886 207 1066 268 αὐτῶν
1098 206 1419 284 βούλεσθαι
1456 207 1758 279 διεξελθεῖν
1794 209 1901 286 τήν

301 294 508 373 χώρην·
546 299 827 358 ποιεῦντες
853 296 912 355 δὲ
934 297 1126 364 ταῦτα,
1158 295 1249 353 καὶ
1276 294 1564 364 διεξιόντες
1586 300 1781 356 πᾶσαν
1798 297 1901 374 τήν

303 384 616 459 Μιλησίην,
645 383 782 446 ὅκως
816 383 940 444 τιναῖ
976 383 1144 442 ἴδοιεν
1180 387 1237 443 ἐν
1272 383 1607 462 ἀνεστηκυίῃ
1642 389 1715 463 τῇ
1743 385 1899 465 χώρῃ

299 469 474 550 οἷγρὸν
501 471 560 530 εὖ
595 471 1015 552 ἐξεργασμένον,
1045 469 1443 552 άπεγραφέατο
1467 471 1535 531 τὸ
1565 470 1775 549 οὕνομα
1798 474 1900 534 τοῦ

300 557 583 620 δεσπότεω
622 563 724 620 τοῦ
763 558 940 642 ἀγροῦ
947 586 960 600 ·
1005 557 1429 630 διεξελάσαντες
1447 633 1453 637 .
1468 559 1528 618 δὲ
1566 563 1759 620 πᾶσαν
1796 561 1900 638 τήν

298 646 486 726 χώρην
526 648 618 708 καὶ
659 648 930 712 σπανίους
969 647 1221 725 εὖρόντες
1257 646 1501 720 τούτους,
1542 646 1615 710 ὥς
1650 647 1899 726 τάχιστα

300 736 625 811 κατέβησαν
653 740 708 800 ἐς
732 735 799 797 τό
827 735 990 806 ἄστυ,
1017 735 1185 812 οἷλίην
1211 733 1600 812 ποιησάμενοι,
1628 733 1899 807 α’πέδεξαν

297 821 528 886 τούτους
556 826 660 901 μὲν
683 823 788 901 τὴν
814 824 984 886 πόλιν
1009 824 1193 901 νέμειν
1216 827 1326 884 τῶν
1352 821 1511 900 εὗρον
1534 821 1665 886 τοῦς
1694 822 1901 905 άγρούς

299 909 360 969 εὖ
414 912 870 993 ἐξεργασμένους·
939 913 1148 972 δοκέειν
1198 911 1309 994 γὰρ
1365 912 1589 988 ἔφασαν
1642 910 1735 970 καὶ
1789 917 1899 972 τῶν

299 997 584 1076 δημοσίων
611 999 752 1060 οὕτω
778 998 847 1075 δή
880 1006 1065 1076 σφεας
1090 999 1541 1078 ἐπιμελήσεσθαι
1568 998 1759 1075 ὥσπερ
1787 1003 1898 1060 τῶν

298 1088 609 1164 σφετέρων·
664 1087 793 1151 τούς
846 1087 906 1147 δὲ
951 1087 1165 1152 ἄλλους
1217 1087 1539 1163 Μιλησίους
1590 1085 1721 1150 τούς
1765 1087 1899 1164 πρὶν

299 1174 709 1245 στασιάζοντας
733 1175 940 1236 τούτων
965 1175 1165 1244 ἔταξαν
1184 1176 1497 1236 πείθεσθαι.
1560 1172 1770 1251 Πάριοι
1793 1176 1897 1252 μέν

201 1261 280 1319 30
300 1286 396 1320 νυν
415 1261 559 1321 οὕτω
580 1264 902 1338 Μιλησίους
921 1261 1281 1340 κατήρτισαν.
1340 1261 1479 1322 Τότε
1501 1262 1561 1321 δὲ
1582 1265 1641 1320 ἐκ
1660 1263 1899 1323 τουτέων

294 1352 405 1409 τῶν
425 1350 639 1409 πολίων
659 1348 762 1410 ὧδε
787 1349 991 1429 ἤρχετο
1020 1351 1163 1410 κακοὶ
1186 1351 1444 1432 γίνεσθαι
1469 1354 1541 1429 τῇ
1568 1349 1766 1428 Ἰωνίῃ.
1836 1356 1898 1412 ἐκ

295 1436 491 1508 Νάξου
534 1439 743 1518 ἔφυγον
781 1437 973 1515 ἄνδρες
1011 1441 1122 1498 τῶν
1152 1440 1377 1518 παχέων
1408 1438 1517 1498 ὕπὸ
1554 1442 1657 1498 τοῦ
1698 1437 1896 1515 δήμου·

297 1524 572 1606 φυγόντες
598 1525 658 1584 δὲ
684 1524 950 1586 ἀπίκοντο
978 1530 1033 1589 ἐς
1064 1527 1345 1603 Μίλητον.
1408 1530 1514 1602 τῆς
1539 1526 1599 1585 δὲ
1633 1527 1898 1602 Μιλήτου

297 1612 567 1695 ἐτύγχανε
585 1615 879 1690 ἐπίτροπος
895 1613 998 1674 ἐῶν
1010 1613 1421 1697 Ἀρισταγόρης
1434 1613 1465 1675 ὁ
1485 1613 1895 1695 Μολπαγόρεω,

294 1701 558 1783 γαμβρός
575 1727 638 1763 τε
659 1700 760 1763 ε’ὠν
776 1703 868 1762 καὶ
883 1701 1111 1781 σῖνεψιὸς
1128 1703 1399 1764 Ἱστιαίου
1417 1707 1518 1763 τοῦ
1534 1700 1895 1782 Λυσαγόρεω,

292 1789 395 1852 τόν
421 1791 455 1851 ό
483 1796 721 1870 Δαρεῖος
758 1798 815 1852 ἐν
849 1791 1128 1853 Σούσοισι
1156 1795 1396 1869 κατεῖχε·
1438 1789 1473 1849 ό
1497 1790 1609 1870 γσῖρ
1633 1788 1899 1852 Ἱστιαῖος

291 1877 558 1957 τύραννος
575 1879 646 1954 ἦν
667 1878 946 1953 Μιλήτου,
967 1879 1057 1936 καὶ
1079 1878 1348 1957 ἐτύγχανε
1366 1879 1567 1935 τοῦτον
1582 1873 1681 1935 τὸν
1694 1874 1897 1953 χρόνον

295 1964 399 2025 ἐῶν
440 1971 499 2024 ἐν
539 1965 815 2029 Σούσοισι
855 1964 948 2023 ὅτε
991 1966 1044 2023 οἶ
1087 1962 1293 2033 Νάξιοι
1326 1962 1522 2038 ἦλθον,
1559 1962 1737 2031 ξεῖνοι.
1765 1964 1897 2039 πρὶν

294 2051 476 2115 ἐόντες
505 2055 583 2131 τῷ
612 2051 877 2129 Ἱστιαίῳ·
921 2050 1248 2128 ἀπικόμενα
1284 2049 1344 2109 δὲ
1381 2052 1435 2109 οἳ
1472 2048 1677 2119 Νάξιοι
1709 2054 1764 2112 ἐς
1794 2050 1897 2127 τήν

295 2140 578 2216 Μίλητον,
607 2139 824 2199 ἐδέοντο
855 2142 956 2199 τοῦ
991 2136 1422 2219 Ἀρισταγόρεω,
1454 2137 1505 2196 εἴ
1536 2163 1641 2203 κως
1674 2135 1895 2198 αὐτοῖσι

291 2227 584 2307 παράσχοι
604 2226 835 2305 δύναμίν
852 2252 993 2297 τινα,
1014 2227 1106 2286 καὶ
1127 2226 1449 2286 κατέλθοιεν
1469 2230 1525 2289 ἐς
1542 2224 1649 2301 τήν
1668 2229 1894 2287 ἑωυτῶν·

291 2315 326 2374 ό
355 2316 413 2375 δὲ
440 2314 834 2391 ἐπιλεξάμενος
861 2313 932 2377 ὥς
954 2313 1024 2391 ἢν
1050 2313 1119 2374 δι’
1142 2318 1343 2375 ἑωυτοῦ
1368 2314 1685 2374 κατέλθωσι
1711 2318 1767 2377 ἐς
1791 2314 1897 2391 τήν

294 2402 465 2464 πόλιν
503 2402 658 2481 ἄρξει
695 2405 796 2479 τῆς
829 2401 1041 2473 Νάξου,
1075 2405 1289 2481 σκῆψιν
1329 2401 1389 2461 δὲ
1428 2400 1755 2480 ποιεύμενος
1790 2402 1896 2480 τήν

293 2491 498 2566 ξεινίην
528 2491 633 2567 τὴν
661 2490 948 2563 Ἱστιαίου,
983 2490 1145 2551 τόνδε
1185 2497 1297 2565 σφι
1334 2490 1513 2571 λόγον
1552 2491 1894 2568 προσέφερε·

293 2589 330 2614 “
345 2577 512 2643 αὐτὸς
534 2582 638 2657 μὲν
657 2578 790 2657 ὑμῖν
809 2577 873 2639 οὗ
895 2576 1207 2687 φερέγγυός
1234 2581 1345 2655 εἰμι
1364 2577 1596 2655 δύναμιν
1614 2577 1898 2652 τοσαύτην

293 2671 626 2780 παρασχεῖν,
663 2666 808 2727 ὥστε
845 2665 1105 2749 κατάγειν
1136 2664 1408 2727 ἀεκόντων
1440 2669 1551 2726 τῶν
1584 2690 1690 2740 την
1726 2664 1898 2724 πόλιν

295 2752 536 2833 ἐχόντων
587 2755 831 2825 Ναξίων·
893 2753 1245 2831 πυνθάνομαι
1302 2780 1413 2835 γαρ
1466 2751 1898 2832 ὀκτακισχιλίην

293 2840 510 2901 ἀσπίδα
563 2843 832 2913 Ναξίοισι
885 2842 1040 2912 εἶναι,
1090 2842 1183 2902 καὶ
1228 2844 1407 2901 πλοῖα
1448 2866 1637 2919 μακρα
1680 2844 1895 2901 πολλα·

293 2930 700 3010 μηχανήσομαι
725 2930 785 2991 δὲ
803 2933 996 2991 πᾶσαν
1016 2930 1272 3008 σπουδήν
1289 2929 1633 3007 ποιεύμενος·
1670 2930 1897 2989 ἐπινοέω

296 3017 356 3079 δὲ
379 3020 531 3099 τῇδε·
571 3017 956 3097 Ἀρταφέρνης
983 3045 1085 3096 μοι
1113 3018 1377 3099 τυγχάνει
1412 3017 1514 3078 ἐῶν
1542 3018 1730 3095 φίλος·
1772 3017 1804 3077 ό
1837 3016 1897 3076 δὲ

293 3105 631 3170 ’Υστάσπεω
660 3108 765 3186 μέν
795 3112 920 3169 ἐστι
954 3106 1087 3171 πάϊς
1115 3107 1357 3185 Δαρείου
1394 3106 1455 3167 δὲ
1487 3110 1589 3167 τοῦ
1617 3104 1899 3184 βασιλέος

294 3190 590 3274 ἀδελφεὸς,
634 3201 748 3259 τῶν
793 3194 841 3257 δ’
885 3196 1313 3258 ἐπιθαλασσίων
1356 3222 1467 3257 των
1513 3200 1573 3257 ἐν
1618 3199 1691 3273 τῇ
1728 3193 1898 3268 Ἀσίῃ

295 3276 456 3361 ἔρχει
479 3284 718 3358 πάντων,
745 3286 885 3366 ἔχων
911 3284 1185 3363 στρατιήν
1207 3309 1271 3345 τε
1300 3284 1528 3361 πολλὴν
1555 3283 1649 3343 καὶ
1674 3277 1917 3341 πολλαὶς.
