2259 3500
311 139 376 188 14
913 137 1285 188 mmmmm·
1816 139 1913 204 [v.

304 215 632 298 στρατηγὸν
677 216 738 276 δὲ
781 217 1019 278 τουτέων
1064 215 1299 286 ἀπέδεξε
1346 216 1699 299 Μεγαβάτην
1742 216 1919 296 ἄνδρα

307 306 544 382 Πέρσην
578 307 688 365 τῶν
721 302 1168 384 Ἀχαιμενιδέων,
1207 307 1409 364 ἑωυτοῦ
1443 331 1506 365 τε
1544 305 1637 364 καὶ
1673 306 1917 383 Δαρείου

306 391 555 471 ἀνεψιόν·
593 396 696 452 τοῦ
736 392 1065 468 Παυσανίης
1107 391 1140 452 ὁ
1182 391 1603 469 Κλεομβρότεω
1645 393 1916 452 Λακεδαι-

304 479 514 558 μόνιος,
542 484 592 540 εἰ
623 479 692 557 δὴ
720 478 938 555 ἀληθής
961 505 1029 560 γε
1057 481 1182 540 ἐστὶ
1214 479 1247 539 ὁ
1274 477 1465 559 λόγος,
1492 479 1709 559 ὑστέρῳ
1732 481 1916 562 χρόνῳ

303 567 514 628 τούτων
528 567 826 645 ἡρμόσατο
845 567 1139 648 θυγατέρα,
1156 567 1332 645 ἔρωτα
1346 567 1505 646 σχῶν
1518 572 1619 644 τῆς
1637 567 1915 634 Ἑλλάδος

303 655 569 732 τύραννος
600 655 884 737 γενέσθαι.
950 653 1227 724 ἀποδέξας
1258 655 1319 714 δὲ
1355 653 1711 735 Μεγαβάτην
1744 681 1914 733 στρα-

302 743 478 854 τηγὸν
522 742 922 821 Ἀρταφέρνης,
963 741 1271 804 ἀπέστειλε
1314 740 1415 802 τᾶν
1467 742 1713 820 στρατόν
1758 744 1911 820 παρὰ

300 856 401 891 τον
425 830 857 912 Ἀρισταγόρεα.

205 920 282 977 33
385 919 759 997 Παραλαβων
779 915 898 977 δὲι
865 944 896 977 ο
927 885 1335 997 Μεγαβάτης’
1309 943 1369 976 εκ
1394 920 1497 993 τῆς
1522 915 1790 994 Μιλήτου
1811 915 1914 978 τόν

299 1032 362 1066 τε
401 1005 812 1086 Ἀρισταγόρεα
860 1004 952 1063 καὶ
994 1030 1101 1080 την
1138 1003 1297 1063 Ἰάδα
1337 1003 1611 1081 στρατιὴν
1650 1004 1743 1063 καὶ
1780 1029 1912 1068 τους

302 1093 564 1163 Ναξίους,
607 1093 772 1151 ἔπλεε
811 1091 1107 1168 πρόφασιν
1148 1090 1234 1150 ἐπ’
1266 1090 1719 1168 Ἑλλησπόντου.
1790 1093 1915 1152 ἐπεί

299 1205 363 1240 τε
393 1180 453 1238 δὲ
485 1179 702 1261 ἐγένετο
730 1184 788 1239 ἐν
819 1179 956 1258 Χίῳ,
986 1180 1122 1258 ἔσχε
1147 1177 1247 1242 τοὶς
1272 1179 1399 1242 νέας
1425 1184 1482 1242 ἐς
1514 1177 1810 1248 Καύκασα,
1840 1178 1911 1242 ὥς

301 1267 552 1328 ἐνθεῦτεν
587 1267 768 1346 βορέῃ
801 1265 983 1345 άνέμῳ
1018 1271 1074 1330 ἐς
1112 1265 1219 1343 τήν
1254 1266 1450 1336 Νάξον
1486 1265 1771 1342 διαβάλοι·
1816 1267 1910 1325 καὶ

300 1353 366 1415 οὗ
407 1354 518 1436 γοὶρ
560 1355 674 1414 ἔδεε
715 1353 892 1434 τούτῳ
933 1357 1010 1434 τῷ
1049 1353 1243 1434 στόλῳ
1284 1355 1531 1424 Ναξίους
1570 1352 1905 1424 ἀπολέσθω,

297 1446 535 1524 πρῆγμα
586 1441 802 1504 τοιόνδε
855 1442 1195 1522 συνηνείχθη
1246 1442 1532 1524 γενέσθαι·
1600 1441 1908 1520 περιϊόντος

299 1529 657 1612 Μεγαβάτεω
699 1529 802 1606 ταῖς
849 1531 942 1590 ἐπὶ
986 1533 1098 1590 τῶν
1142 1534 1279 1591 νεῶν
1329 1529 1604 1607 φυλακάς,
1647 1531 1739 1590 ἐπὶ
1784 1529 1909 1594 νεὸς

297 1619 548 1696 Μυνδίης
595 1619 756 1698 ἔτυχε
803 1616 981 1681 οὐδεὶς
1028 1617 1367 1695 φυλάσσων·
1422 1617 1455 1678 ὅ
1510 1619 1569 1678 δὲ
1622 1619 1798 1680 δεινόν
1849 1645 1927 1680 τι·

295 1705 692 1786 ποιησάμενος,
731 1707 995 1768 ἐκέλευσε
1029 1705 1161 1771 τούς
1201 1705 1548 1783 δορυφόρους
1586 1705 1906 1783 ἐξευρόντας

295 1796 394 1857 τόν
420 1795 669 1876 ἄρχοντα
693 1793 898 1870 ταύτης
923 1798 1025 1869 τῆς
1052 1794 1188 1866 νεός,
1218 1798 1297 1871 τῷ
1324 1792 1536 1868 οὔνομα
1558 1792 1630 1867 ἦν
1658 1792 1902 1864 Σκύλαξ,

296 1888 496 1944 τοῦτον
521 1884 694 1958 δῆσαι
720 1880 811 1940 διοὶ
839 1880 1120 1955 θαλαμίης
1152 1878 1438 1941 διελόντας
1468 1882 1570 1953 τῆς
1594 1877 1733 1949 νεός,
1762 1880 1903 1939 κατὰ

293 1973 479 2039 τοῦτο,
509 1969 610 2038 ἔξω
635 1970 739 2044 μὲν
766 1966 1024 2041 κεφαλὴν
1047 1969 1340 2028 ποιεῦντας
1373 1965 1483 2023 ἔσω
1520 1965 1580 2023 δὲ
1611 1964 1679 2025 τὰ
1716 1970 1903 2044 σῶμα·

298 2055 549 2117 δεθέντος
575 2054 636 2113 δὲ
660 2056 762 2113 τοῦ
791 2050 1099 2121 Σκύλακος,
1128 2052 1462 2133 ἐξαγγέλλει
1486 2077 1571 2115 τις
1599 2056 1678 2131 τῷ
1713 2052 1904 2131 Ἀρισ-

295 2141 510 2222 ταγόρῃ
543 2139 630 2201 ὅτι
667 2138 770 2200 τᾶν
804 2138 984 2209 ξεῖνόν
1025 2142 1080 2199 οἱ
1118 2139 1219 2200 τὸν
1260 2137 1513 2201 Μύνδιον
1551 2140 1905 2222 Μεγαβάτης

297 2228 477 2305 δήσας
495 2227 840 2305 λυμαίνοιτο·
871 2225 902 2285 ὁ
924 2224 970 2285 δ’
988 2227 1168 2288 ε’λθών
1182 2229 1513 2305 παραιτέετο
1528 2227 1629 2289 τᾶν
1649 2229 1900 2306 Πέρσην,

297 2314 588 2397 τυγχάνων
615 2314 676 2373 δὲ
707 2312 929 2377 οὐδενὸς
959 2318 1071 2374 τῶν
1097 2315 1279 2375 ἐδέετο
1307 2314 1475 2380 αὐτὸς
1506 2316 1685 2379 ἐλθών
1714 2318 1902 2378 ἔλυσε·

297 2400 610 2480 πυθόμενος
637 2402 696 2460 δὲ
721 2400 899 2479 κάρτα
923 2400 1103 2462 δεινὰν
1136 2401 1445 2481 ἐποιήσατο
1472 2403 1505 2465 ὅ
1532 2405 1901 2487 Μεγαβάτης,

300 2491 392 2549 καὶ
425 2489 734 2567 ἐσπέρχετο
766 2491 846 2568 τῷ
867 2487 1273 2572 Ἀρισταγόρῃ·
1314 2490 1347 2552 ὅ
1382 2492 1442 2550 δὲ
1481 2491 1619 2552 εἶπε·
1662 2503 1698 2529 “
1714 2493 1813 2553 σοὶ
1844 2493 1905 2553 δὲ

301 2576 394 2635 καὶ
431 2575 687 2636 τούτοισι
724 2579 880 2635 τοῖσι
916 2576 1218 2658 πρήγμασι
1255 2577 1317 2638 τί
1352 2582 1509 2648 ἔστ-ις
1554 2578 1621 2640 οὗ
1663 2581 1734 2638 σὲ
1772 2578 1905 2640 οἷπέ-

299 2666 492 2723 στειλε
529 2662 915 2741 Ἀρταφέρνης
949 2665 1083 2740 ἐμέο
1118 2665 1435 2735 πείθεσθαι,
1468 2665 1561 2724 καὶ
1596 2666 1792 2727 πλέειν
1830 2676 1925 2746 τῇ,

299 2748 369 2811 ἂν
400 2750 510 2832 ἐγω
550 2749 793 2820 κελεύω;
832 2751 895 2810 τί
928 2751 1125 2811 πολλα
1164 2750 1475 2829 πρήσσεις·
1460 2796 1477 2821 ,
1492 2751 1524 2771 ”
1564 2755 1744 2813 ταῦτα
1786 2754 1906 2815 εἶπε

299 2836 728 2919 Ἀρισταγόρης·
768 2865 801 2898 ο
840 2838 902 2897 δὲ
935 2839 1207 2916 θυμωθεὶς
1244 2839 1517 2911 τούτοισι,
1551 2838 1623 2903 ὦς
1652 2841 1816 2913 νυξ’
1790 2844 1903 2925 εγέ-

301 2951 443 2997 νετο,
493 2926 705 3003 ἔπεμπε
750 2929 808 2989 ἐς
857 2924 1052 2996 Νάξον
1097 2927 1280 3005 πλοίω
1325 2925 1527 3006 ανδρας
1578 2929 1907 3006 φράσοντας

300 3017 454 3073 τοῖσι
489 3014 760 3083 Ναξίοισι
793 3013 976 3075 πάντα
1008 3040 1082 3074 τα
1117 3013 1399 3092 παρεόντα
1430 3022 1544 3093 σφι
1578 3018 1904 3099 πρήγματα·

211 3101 283 3159 34
305 3103 378 3160 Οἱ
411 3101 522 3184 γὰρ
555 3101 630 3162 ὧν
670 3101 874 3173 Νάξιοι
910 3100 1071 3163 οὐδὲν
1106 3102 1325 3166 πάντως
1364 3106 1773 3181 προσεδέκοντο
1815 3106 1907 3166 ἐπὶ

302 3192 488 3265 σφέας
516 3190 619 3253 τᾶν
644 3191 859 3253 στόλον
886 3195 1083 3253 τοῦτον
1109 3190 1487 3270 ὁρμήσεσθαι·
1532 3195 1653 3255 ἐπεὶ
1686 3194 1791 3271 μέν
1816 3218 1907 3253 τοι

303 3276 592 3351 ἐπύθοντο,
621 3279 819 3341 αὐτίκα
855 3282 958 3361 μὲν
989 3281 1339 3343 ἐσενείκαντο
1374 3282 1447 3345 τοὶ
1481 3286 1542 3343 ἐκ
1577 3286 1690 3343 τῶν
1721 3280 1908 3361 ἇγρῶν
