2259 3500
259 98 354 145 258
873 96 1237 147 ἨΡΟΔΟΤΟΤ
1675 98 1858 163 [VIII.

256 175 322 235 τὸ
351 173 616 253 δράμημα
634 178 743 236 τόῖν
774 173 955 235 ἵππων
981 176 1252 234 καλέουσι
1278 175 1505 254 Πέρσαι
1531 174 1863 259 άγγαρήῖον.

164 265 240 323 99
258 262 333 321 Ἠ
363 264 467 339 μὲν
502 262 572 337 δὴ
609 265 798 339 πρώτη
835 267 889 327 ἐς
929 264 1124 326 Σοῦσα
1160 261 1397 345 ἀγγελίη
1431 263 1753 342 ἀπικομένη,
1794 268 1866 334 ὥς

263 352 382 430 ἔχοι
418 350 661 431 ,Ἀθήνας
701 352 925 427 Ξέρξης,
977 352 1171 429 ἔτερψε
1213 351 1351 411 οὕτω
1394 351 1463 427 δή
1501 379 1556 413 τι
1597 358 1865 432 Περσέων

258 438 387 501 τούς
412 437 870 514 ὑπολειφθέντας,
903 440 972 503 ὦς
998 438 1098 503 τάς
1123 466 1185 499 τε
1212 439 1373 503 ὁδοῦς
1407 441 1649 520 μυρσίνῃ
1674 443 1865 509 πάσας

261 526 569 604 ἐστόρεσαν
614 526 706 585 καὶ
740 526 974 603 ἐθυμίων
1010 526 1349 604 θυμιήματα,
1389 527 1481 585 καὶ
1517 528 1675 588 αὐτοὶ
1714 529 1865 605 ἦσαν

261 618 319 673 ἐν
365 615 603 692 θυσίῃσί
636 640 697 673 τε
742 615 832 673 καὶ
879 612 1196 693 εὖπαθίῃσι·
1267 614 1304 691 ἦ
1360 615 1419 673 δὲ
1474 615 1697 694 δευτέρη
1752 626 1865 695 σφι

259 700 495 783 α’,γγελίη
563 702 941 772 ἐπεξελθοῦσα
1002 705 1234 782 συνέχεε
1302 703 1459 773 οὕτω,
1530 702 1675 764 ὥστε
1735 708 1865 771 τούς

259 790 493 854 κιθῶνας
533 791 934 867 κατερρήξαντο
985 790 1203 860 πάντες,
1251 792 1369 869 βοῇ
1407 816 1470 850 τε
1513 791 1606 850 καὶ
1646 795 1862 875 οἰμωγῇ

261 878 529 957 ἐχρέωντο
557 878 797 957 ἀπλέτῳ,
827 877 1147 955 Μαρδόνιον
1175 883 1233 938 ἐν
1260 878 1407 956 αἰτίῃ
1432 878 1689 942 τιθέντες.
1765 881 1863 941 οὐκ

266 965 407 1025 οὕτω
445 966 503 1025 δὲ
536 966 662 1043 περὶ
697 970 808 1025 τῶν
839 970 982 1041 νηῶν
1019 965 1323 1045 ἀχθόμενοι
1346 970 1523 1025 ταῦτα
1550 969 1603 1025 οἱ
1640 968 1865 1045 Πέρσαι

267 1055 499 1123 ἐποίευν,
531 1052 602 1116 ὥς
627 1053 754 1130 περὶ
781 1051 928 1131 αὐτῷ
952 1053 1132 1130 Ξέρξῃ
1154 1053 1538 1130 δειμαίνοντες.
1620 1055 1711 1114 καὶ
1736 1057 1864 1134 περὶ

264 1143 493 1218 Πέρσας
546 1143 650 1216 μὲν
689 1139 758 1216 ἦν
801 1145 974 1200 ταῦτα
1020 1140 1118 1200 τόν
1166 1139 1348 1201 πάντα
1398 1142 1609 1218 μεταξὺ
1658 1144 1863 1222 χρόνον

260 1227 572 1309 γενόμενον,
603 1228 770 1306 μέχρι
798 1225 863 1286 οὗ
890 1228 1103 1305 Ξέρξης
1129 1227 1297 1293 αὐτός
1321 1234 1505 1305 σφεας
1531 1229 1863 1309 ἀπικόμενος

261 1316 486 1374 ἔπαυσε.

169 1404 283 1463 100
388 1402 703 1481 Μαρδόνιος
756 1405 815 1463 δὲ
875 1404 1043 1483 ὁρέων
1109 1408 1215 1483 μὲν
1282 1406 1496 1485 Ξέρξην
1558 1407 1861 1486 συμφορὴν

257 1490 512 1572 μεγάλην
556 1497 615 1551 ἐκ
665 1497 766 1568 τῆς
808 1494 1114 1572 ναυμαχίης
1155 1494 1493 1572 ποιεύμενον,
1540 1494 1861 1557 ὑποπτεύων

264 1580 323 1639 δὲ
351 1578 518 1641 αὗτόν
545 1580 798 1658 δρησμὸν
823 1580 1118 1657 βουλεύειν
1148 1588 1209 1641 ἐκ
1236 1588 1346 1642 τῶν
1372 1581 1663 1658 Ἀθηνέων,
1691 1589 1859 1660 φρον-

257 1668 420 1731 τίσας
444 1667 587 1745 πρὸς
615 1668 816 1729 ἑωυτὸν
853 1668 925 1731 ὦς
956 1668 1123 1729 δώσει
1152 1670 1307 1746 δίκην
1334 1669 1661 1751 ἀναγνώσας
1686 1671 1858 1746 βασι-

257 1756 364 1816 λέα
401 1757 807 1834 στρατεύεσθαι
843 1759 934 1816 ἐπὶ
959 1757 1063 1833 τήν
1088 1757 1359 1827 Ἑλλάδα,
1396 1758 1493 1816 καί
1524 1761 1577 1817 οἱ
1615 1760 1860 1835 κρέσσον

257 1844 342 1921 εἴη
375 1843 827 1905 ἀνακινδυνεῦσαι
853 1843 889 1920 ἢ
916 1845 1375 1926 κατεργάσασθαι
1400 1844 1503 1921 τὴν
1526 1845 1795 1916 Ἑλλάδα,
1821 1847 1859 1924 ἢ

261 1931 430 1992 αὖτόν
474 1936 655 1996 καλῶς
700 1937 1033 2008 τελευτῆσαι
1081 1931 1182 1992 τὸν
1236 1933 1370 2009 βίον
1414 1933 1552 2011 ὑπὲρ
1597 1934 1859 2015 μεγάλων

256 2020 612 2097 αἰωρηθέντα·
655 2021 831 2079 πλέον
861 2020 1051 2095 μέντοι
1085 2022 1251 2097 ἔφερέ
1287 2024 1340 2080 οἱ
1371 2021 1409 2099 ἦ
1440 2020 1633 2102 γνώμη
1670 2049 1857 2100 κατερ-

254 2106 469 2188 γάσθαι
501 2133 604 2181 την
643 2105 916 2165 Ελλάδα·
959 2107 1405 2188 λογισάμενος’
1366 2134 1439 2168 ων
1462 2114 1654 2194 ταῦτα,
1680 2137 1855 2186 προσ-

262 2195 428 2270 έφερε
480 2192 577 2252 rav
631 2194 803 2274 λόγον
856 2193 1033 2255 τόνδε·
1099 2205 1134 2231 “
1154 2195 1418 2267 δέσποτα,
1468 2196 1611 2274 μήτε
1662 2198 1855 2268 λυπέο,

252 2279 395 2358 μήτε
465 2280 764 2387 συμφορην
829 2282 1106 2360 μηδεμίαν
1173 2284 1427 2364 μεγάλην
1490 2289 1647 2344 ποιεῦ
1697 2286 1857 2346 τοῦδε

255 2373 357 2428 τσῦ
409 2367 705 2450 γεγονότος
747 2371 948 2430 εἵνεκεν
994 2371 1341 2484 πρήγματος·
1406 2399 1470 2431 ου
1522 2400 1632 2454 γαρ
1679 2373 1857 2442 ξύλων

255 2455 412 2538 οἶγων
458 2456 489 2515 ὁ
543 2456 608 2516 τὸ
663 2483 776 2516 παν
813 2459 1040 2570 φέρων
1069 2461 1202 2519 ἐστι
1253 2459 1405 2538 ἡμῖν,
1460 2459 1592 2519 ἀλλ’
1647 2460 1858 2539 ἀνδρῶν

253 2571 317 2604 τε
360 2546 451 2604 καὶ
495 2545 693 2605 ἵππων·
736 2547 833 2606 σοὶ
873 2546 932 2605 δὲ
974 2574 1102 2608 ουτε
1140 2575 1223 2612 τις
1257 2549 1466 2610 τούτων
1498 2575 1609 2610 των
1642 2549 1708 2609 τὸ
1744 2576 1857 2610 παν

256 2639 368 2708 σφι
411 2631 516 2709 ἤδη
560 2633 858 2694 δοκεόντων
905 2636 1287 2717 κατεργάσθαι
1330 2635 1556 2712 οἷποβοὶς
1597 2637 1708 2696 άπὸ
1748 2641 1857 2698 τῶν

256 2725 391 2782 νεῶν
429 2721 756 2798 πειρήσεται
808 2721 1155 2799 ἀντιωθῆναι,
1204 2723 1317 2783 οὔτ’
1362 2729 1420 2783 ἐκ
1475 2729 1575 2800 τῆς
1626 2724 1857 2801 ἠπείρου

256 2809 450 2884 τῆσδε·
495 2809 554 2868 οἵ
574 2835 634 2868 τε
661 2809 795 2886 ἡμῖν
820 2810 1189 2886 ἠντιώθησαν,
1223 2811 1421 2871 ἔδοσαν
1449 2812 1611 2875 δίκας.
1682 2816 1729 2871 εἰ
1752 2812 1857 2888 μέν

253 2921 350 2956 νυν
396 2897 585 2970 δοκέει,
635 2896 830 2956 αὐτίκα
876 2898 1193 2975 πειρώμεθα
1242 2903 1341 2973 τῆς
1390 2899 1855 2974 Πελοποννήσου·

255 2986 304 3040 εἰ
340 2983 398 3041 δὲ
426 2983 516 3041 καὶ
543 2984 719 3043 δοκέει
747 2989 1016 3064 ἐπισχεῖν,
1046 2986 1279 3065 παρέχει
1306 2987 1511 3046 ποιέειν
1540 2990 1732 3046 ταῦτα·
1773 2990 1855 3064 μὴ

255 3069 316 3126 δὲ
347 3069 630 3146 δυσθύμει·
683 3071 746 3131 οὗ
782 3072 890 3153 γάρ
928 3078 1050 3132 ἐστι
1077 3073 1332 3149 Ἕλλησι
1376 3073 1603 3150 οὐδεμία
1640 3074 1855 3136 ἔκδυσις

254 3155 336 3229 μὴ
358 3155 422 3214 οὗ
443 3156 635 3220 δόντας
656 3157 832 3239 λόγον
851 3165 960 3220 τῶν
984 3161 1256 3236 ἐποίησαν
1276 3165 1371 3220 νῦν
1390 3186 1452 3220 τε
1473 3160 1565 3218 καὶ
1582 3159 1855 3237 πρότερον

255 3239 394 3298 εἶναι
422 3242 556 3305 σούς
577 3243 827 3312 δούλους.
866 3246 1123 3322 μάλιστα
1142 3246 1247 3323 μέν
1272 3271 1368 3306 νυν
1392 3250 1568 3307 ταῦτα
1592 3246 1761 3306 ποίεε·
1806 3250 1857 3304 εἰ
