2259 3500
314 112 408 156 280
755 108 1120 155 ἨΡΟΔΟΤΟΤ
1154 107 1460 155 OTPANIA.
1721 106 1905 171 [VIII.

311 186 454 263 ἥπερ
481 186 808 266 ὁμολογέειν
833 190 910 263 τῷ
933 188 1111 243 ταῦτα
1141 184 1519 266 ἐργασαμένῳ·
1562 186 1715 249 αὖτις
1742 186 1816 256 δὲ,
1844 188 1911 248 τό

265 283 278 297 “
311 273 644 350 Ἑλληνικὸν
699 272 788 333 ἐόν
843 272 1085 350 ὅμαιμόν
1139 299 1201 333 τε
1250 272 1342 331 καὶ
1391 272 1789 353 ὁμόγλωσσον,
1820 276 1911 334 καὶ

316 362 454 422 θεῶν
492 360 761 438 ἱδρύματά
785 386 848 421 τε
876 359 1030 420 κοινσῖ
1061 362 1153 420 καὶ
1190 362 1396 431 θυσίαι,
1424 358 1566 435 ἤθεά
1590 386 1652 420 τε
1678 361 1911 439 ὁμότρο-

313 475 413 508 πα·
469 453 580 509 τῶν
620 448 895 525 προδότας
938 450 1204 529 γενέσθαι
1246 448 1573 526 Ἀθηναίους
1608 449 1707 509 οὐκ
1742 448 1810 509 ἂν
1852 449 1911 511 εὖ

317 538 449 615 ἔχοι.
537 536 850 597 ἐπίστασθέ
871 562 934 596 τε
962 536 1117 605 οὕτω,
1150 541 1196 596 εἰ
1230 537 1313 614 μὴ
1342 536 1435 597 καὶ
1461 536 1733 614 πρότερον
1760 543 1911 618 ἐτυγ·

317 624 514 703 χάνετε
542 624 918 700 ἐπιστάμενοι·
951 623 1063 683 ἔστ’
1095 622 1163 684 ἂν
1185 626 1277 683 καὶ
1305 626 1379 689 εἷς
1405 630 1571 704 περιῇ
1588 625 1910 701 Ἀθηναίων,

314 711 546 790 μηδαμα
575 711 1037 793 ὁμολογήσοντας
1071 712 1249 788 ἦμέας
1274 706 1474 791 Ξέρξῃ·
1517 713 1697 790 ὑμέων
1721 714 1912 790 μέντοι

314 799 571 881 ἀγάμεθα
615 798 720 875 τὴν
762 801 1026 877 προνοίην
1073 800 1178 875 τήν
1220 806 1275 863 ε’ς
1309 800 1484 877 ημέας
1528 802 1784 879 ἔχουσαν,
1828 800 1912 861 ὅτι

315 887 659 964 προείδετε
621 889 806 964 ημέων
833 889 1321 966 οἰκοφθορημένων
1348 888 1503 957 οὕτω,
1529 888 1673 948 ὥστε
1700 890 1911 965 ἐπιθρέ-

317 984 422 1053 ψαι
467 977 680 1036 ἐθέλειν
727 974 912 1051 ἡμέων
957 1002 1084 1038 τους
1134 977 1365 1038 οἰκέτας·
1428 976 1517 1033 καὶ
1555 974 1691 1054 ὗμῖν
1733 979 1837 1053 μὲν
1874 970 1912 1053 ἦ

319 1063 481 1141 χάρις
544 1063 984 1140 ἐκπεπλήρωται·
1052 1063 1221 1139 ἡμέες
1279 1064 1469 1139 μέντοι
1522 1062 1914 1140 λιπαρήσομεν

317 1151 456 1210 οὕτω
491 1150 630 1212 ὅκως
670 1149 738 1210 ἂν
774 1152 997 1229 ἔχωμεν,
1045 1149 1202 1209 οὐδὲν
1237 1150 1534 1213 λυπέοντες
1574 1150 1762 1228 ὖμέας·
1818 1154 1913 1211 νῦν

316 1238 390 1311 δὲ,
431 1237 502 1300 ὥς
535 1236 675 1297 οὕτω
716 1236 968 1315 ἐχόντων,
1011 1237 1284 1314 στρατιὴν
1324 1236 1395 1300 ὦς
1431 1236 1677 1315 τάχιστα
1715 1239 1912 1316 ἐκπέμ-

316 1350 467 1383 πετε·
525 1350 596 1387 ως
635 1324 746 1405 γὰρ
800 1324 965 1403 ἡμέες
1019 1324 1321 1402 εἰκάζομεν,
1380 1324 1478 1384 οὐκ
1533 1327 1657 1389 ἑκὰς
1710 1327 1913 1404 χρόνου

317 1413 594 1489 παρέσται
634 1412 666 1472 ὁ
706 1412 1006 1490 βάρβαρος
1050 1413 1319 1488 ἐσβαλων
1373 1419 1427 1477 ἐς
1478 1412 1582 1489 τὴν
1622 1414 1906 1523 ἡμετέρην,

317 1500 449 1559 ἄλλ’
497 1500 716 1560 ε’πειὸαν
767 1500 1014 1579 τάχιστα
1065 1501 1310 1577 πυθηται
1355 1501 1459 1576 τὴν
1506 1501 1775 1582 ἀγγελίην
1828 1502 1913 1561 ὅτι

318 1587 475 1648 ουδὲν
536 1587 848 1667 ποιήσομεν
899 1593 1010 1650 τῶν
1063 1592 1268 1652 ἐκεῖνος
1320 1589 1506 1666 ημέων
1558 1589 1911 1665 προσεδέετο.

317 1678 449 1754 πρὶν
497 1675 571 1736 ὧν
611 1682 864 1754 παρεῖναι
909 1681 1114 1739 ἐκεῖνον
1160 1682 1213 1739 ἐς
1259 1676 1362 1754 τὴν
1413 1676 1689 1752 Ἀττικὴν,
1738 1676 1913 1754 ἡμέας

318 1764 506 1842 καιρός
531 1770 654 1825 ε’στι
677 1767 1096 1844 προσβωθῆσαι
1124 1769 1179 1828 ἐς
1203 1764 1307 1841 τὴν
1334 1763 1651 1841 Βοιωτίην.”
1714 1768 1767 1824 οῖ
1791 1767 1910 1842 μὲν,

318 1857 493 1913 ταῦτα
528 1853 972 1931 ὕποκριναμένων
1015 1851 1324 1928 Ἀθηναίων
1370 1851 1818 1912 ἀπαλλάσσοπο
1858 1856 1911 1914 ἐς

319 1939 605 2002 Σπάρτην.
