2259 3500
335 150 425 195 186
744 199 746 201 ,
936 144 1304 195 mmmmm*
1769 145 1928 210 [vn.

332 226 471 286 οὕτω
500 226 823 304 προσάντης
858 226 1203 293 κατίσταται,
1231 223 1390 300 ἡμεῖς
1420 248 1477 283 τι
1511 221 1806 300 ὑπείξομεν
1830 230 1933 285 τοῦ

330 313 565 392 ἀρχαίου
613 315 807 394 λόγου·
859 317 906 371 εἷ
945 316 1047 371 τοῦ
1091 314 1196 388 μὲν
1241 312 1411 395 πεζοῦ
1451 309 1607 387 ὖμεῖς
1647 311 1929 391 ἡγέοισθε,

330 406 430 483 τοῦ
471 402 530 461 δὲ
572 406 826 461 ναυτικοῦ
871 400 995 482 ἐγώ·
1052 404 1099 459 εἷ
1146 400 1204 459 δὲ
1251 398 1381 474 ὑμῖν
1422 398 1593 474 ἡδονὴ
1641 404 1741 457 τοῦ
1789 400 1931 460 κατά·

330 489 634 550 θάλασσαν
664 489 1035 572 ἡγεμονεύειν,
1068 492 1170 549 τοῦ
1208 489 1375 558 πεζοῦ
1415 487 1520 567 ἐγώ
1555 488 1718 547 θέλω·
1762 489 1854 546 καὶ
1893 485 1930 564 ἦ

327 577 581 639 τούτοισι
626 578 797 656 ὑμέας
843 579 1019 656 χρέων
1068 582 1194 658 ἐστι
1235 576 1591 653 ἀρέσκεσθαι,
1633 574 1670 651 ἢ
1711 575 1932 636 ἀπιέναι

238 668 348 727 161
372 667 682 745 συμμάχων
708 666 933 727 τοιῶνδε
965 664 1249 742 ἐρήμους.”
1318 663 1507 723 Γέλων
1533 666 1636 739 μὲν
1663 663 1730 739 δὴ
1755 669 1930 725 ταῦτα

329 756 666 831 προτείνετο·
722 754 951 831 φθάσας
1003 754 1063 812 δὲ
1110 780 1142 812 ο
1187 751 1493 827 Ἀθηναίων
1539 751 1780 831 ἅγγελος
1831 753 1932 812 τὸν

328 843 790 921 Λακεδαιμονίων,
832 840 1102 919 ἀμείβετό
1142 866 1239 917 μιν
1277 840 1489 899 τοῖσδε·
1545 848 1582 874 “
1600 838 1642 897 ὦ
1680 840 1944 913 βασιλεῦ.

331 931 743 1007 Συρηκουσίων,
766 928 865 989 οὐκ
898 928 1174 1009 ἡγεμόνος
1208 928 1438 1004 δεομένη
1475 926 1514 1003 ἡ
1548 925 1760 989 Ἕλλας
1799 926 1932 986 ἀπέ-

328 1027 549 1095 πεμψεν
580 1019 755 1095 ἡμέας
791 1017 930 1095 πρὸς
962 1020 1046 1086 σὲ,
1075 1015 1230 1075 ἀλλά
1266 1020 1551 1094 στρατιῆς·
1594 1040 1668 1073 συ
1703 1014 1826 1072 δὲ”’
1795 1042 1932 1078 οκως

328 1107 431 1180 μὲν
470 1105 739 1182 στρατιὴν
778 1106 1015 1183 πέμψεις
1056 1104 1136 1180 μῆ
1173 1102 1483 1184 ἡγεύμενος
1513 1108 1613 1179 τῆς
1651 1102 1930 1166 Ἑλλάδος

330 1190 395 1249 οὗ
430 1193 775 1269 προφαίνεις,
814 1192 885 1254 ὥς
920 1192 979 1250 δὲ
1020 1191 1431 1271 στρατηγήσεις
1473 1190 1642 1266 αὐτῆς
1682 1190 1928 1270 γλίχεαι·

328 1278 467 1339 ὅσον
500 1282 605 1356 μέν
644 1306 741 1339 νυν
781 1280 987 1342 παντὸς
1025 1283 1125 1338 τοῦ
1161 1278 1450 1353 Ἑλλήνων
1490 1282 1737 1355 στρατοῦ
1777 1279 1930 1338 ἐδέου

326 1366 613 1447 ἡγέεσθαι,
658 1368 872 1444 ἐξήρκει
916 1367 1052 1444 ἡμῖν
1098 1370 1251 1426 τοῖσι
1290 1364 1639 1441 Ἀθηναίοισι
1685 1365 1930 1444 ἡσυχίην

327 1452 500 1534 ἄγειν,
529 1458 951 1531 ἐπισταμένοισι
988 1456 1058 1519 ὦς
1090 1454 1121 1515 ό
1148 1455 1348 1513 Λάκων
1385 1452 1567 1517 ἱκανός
1602 1480 1690 1513 τοι
1727 1456 1930 1530 ἔμελλε

329 1543 562 1602 ἔσεσθαι
602 1546 693 1603 καὶ
736 1544 873 1620 ὑπὲρ
922 1544 1253 1621 ἀμφοτέρων
1294 1541 1760 1622 ἀπολογεύμενος·
1811 1544 1936 1601 ἐπεί

325 1638 388 1689 τε
443 1631 502 1689 δὲ
556 1632 779 1707 ἀπάσης
832 1632 1280 1708 ἀπελαυνόμενος
1331 1632 1477 1689 δέεαι
1529 1633 1629 1705 τῆς
1673 1634 1930 1706 ναυτικῆς

328 1717 532 1799 ἄρχειν,
566 1720 705 1780 οὕτω
734 1720 846 1800 ἔχει
872 1745 998 1801 τοι·ι
1024 1719 1138 1780 οὐδ’
1164 1718 1233 1796 ῆν
1260 1719 1292 1780 ὅ
1318 1718 1517 1779 Λάκων
1555 1718 1680 1797 ἐπίῃ
1715 1742 1803 1777 τοι
1835 1718 1928 1796 ἅρ-

324 1833 445 1886 χειν
472 1808 657 1883 αὐτῆς,
684 1808 845 1886 ἡμεῖς
876 1809 1178 1885 ἐπήσομεν·
1222 1807 1463 1884 ἡμετέρη
1495 1806 1604 1887 γάρ
1634 1811 1756 1866 ἐστι
1789 1805 1930 1884 αὕτη

324 1921 407 1976 γε,
435 1895 515 1972 μὴ
555 1896 735 1955 αὐτῶν
765 1898 1131 1971 βουλομένων
1166 1895 1634 1970 Λακεδαιμονίων·
1677 1894 1931 1954 τούτοισι

324 1986 428 2058 μὲν
483 1982 556 2042 ὧν
608 1982 877 2063 ἡγέεσθαι
926 1983 1335 2058 βουλομένοισι
1383 1980 1481 2041 οὐκ
1539 1981 1926 2058 ἀντιτείνομεν,

326 2067 486 2147 ἄλλῳ
528 2069 587 2128 δὲ
625 2069 956 2146 παρήσομεν
999 2069 1176 2130 οὐδενὶ
1216 2070 1554 2148 ναυαρχέειν·
1597 2069 1778 2146 μάτην
1817 2069 1928 2150 γάρ

326 2154 394 2215 ἂν
428 2154 528 2214 ὦδε
560 2155 817 2232 πάραλον
841 2154 1131 2232 Ἑλλήνων
1158 2159 1403 2234 στρατὸν
1436 2161 1709 2216 πλεῖστον
1745 2158 1929 2234 εἴημεν

326 2244 630 2319 ἐκτημένοι,
674 2248 721 2302 εἰ
768 2245 1203 2320 Συρηκουσίοισι
1245 2245 1424 2308 ἐόντες
1463 2244 1750 2319 Ἀθηναῖοι
1791 2271 1928 2326 συγ-

324 2331 656 2409 χωρήσομεν
702 2336 801 2408 τῆς
848 2331 1162 2414 ἡγεμονίης,
1205 2331 1578 2412 ἀρχαιότατον
1624 2334 1728 2408 μὲν
1776 2333 1929 2396 ἔθνος

325 2418 695 2498 παρεχόμενοι
722 2424 917 2496 μοῦνοι
946 2421 1005 2479 δὲ
1040 2420 1218 2484 ἐόντες
1254 2421 1318 2480 οὗ
1350 2420 1696 2499 μετανάσται
1721 2419 1926 2496 Ἐλλή-

326 2533 450 2566 νων·
500 2510 609 2566 τῶν
658 2509 749 2566 καὶ
785 2508 1040 2584 Ὄμηρος
1088 2507 1119 2567 ὁ
1170 2510 1435 2570 ἐποποιὸς
1483 2508 1654 2584 ἄνδρα
1696 2506 1929 2585 ἄριστον

325 2595 505 2670 ἔφησε
532 2600 585 2657 ἐς
600 2593 782 2654 Ἴλιον
809 2594 1129 2666 ἀπικέσθαι,
1152 2597 1316 2666 τάξαι
1341 2621 1403 2655 τε
1432 2597 1524 2655 καὶ
1543 2596 1928 2672 διακοσμῆσαι

326 2681 586 2758 στρατόν·
630 2682 769 2742 οὕτω
812 2681 911 2741 οὐκ
953 2683 1160 2746 ὄνειδος
1203 2683 1359 2744 ουδὲν
1398 2683 1535 2760 ἡμῖν
1579 2689 1702 2744 ἐστι
1741 2684 1928 2764 λέγειν

232 2772 345 2830 162
364 2773 556 2830 ταῦτα.
556 2770 587 2790 ”
645 2771 945 2848 Ἀμείβετο
974 2773 1164 2831 Γέλων
1181 2773 1393 2832 τοῖσδε·
1428 2783 1464 2808 “
1481 2773 1622 2842 ξεῖνε
1647 2771 1925 2848 Ἀθηναῖε,

323 2857 477 2934 υμεῖς
514 2859 697 2918 οἴκατε
732 2885 860 2921 τους
889 2885 992 2935 μεν
1028 2857 1302 2939 ἄρχοντας
1337 2862 1480 2939 ἔχειν
1510 2886 1641 2922 τους
1675 2861 1734 2918 δὲ
1767 2859 1926 2936 ἀρξο-

321 2947 518 3022 μένους
558 2973 656 3005 ουκ
698 2947 862 3026 ἔχειν·
908 2947 1026 3005 ἐπεὶ
1063 2948 1253 3007 τοίνυν
1295 2949 1451 3009 ουδεν
1493 2948 1741 3008 ὑπιέντες
1783 2949 1927 3025 ἔχειν

322 3033 387 3092 τὸ
414 3039 526 3093 πᾶν
552 3035 787 3114 ἐθέλετε,
810 3033 910 3094 οὔκ
936 3033 1004 3095 ἂν
1026 3035 1295 3111 φθάνοιτε
1322 3037 1425 3112 τὴν
1444 3036 1722 3115 ταχίστην
1743 3034 1926 3092 ὀπίσω

325 3120 832 3200 ἀπαλλασσόμενοι
860 3123 951 3182 καὶ
982 3122 1360 3203 ἀγγέλλοντες
1386 3129 1457 3202 τῇ
1483 3121 1722 3182 Ἑλλάδι
1752 3121 1838 3180 ὅτι
1865 3127 1925 3179 ἐκ

322 3212 424 3265 τοῦ
458 3214 703 3270 ἐνιαυτοῦ
738 3212 804 3272 τὸ
842 3213 937 3288 ἔαρ
967 3211 1109 3288 αὕτη
1139 3211 1540 3287 ἐξαραίρηταιῗ
1611 3235 1773 3272 ουτος
1806 3208 1925 3266 δὲ“
1893 3235 1924 3267 ο

328 3291 452 3354 νόος
476 3297 638 3354 τοῦδε
662 3303 763 3356 τοῦ
794 3298 1056 3374 ῥήματος,
1085 3297 1154 3357 τὸ
1183 3299 1364 3358 ἐθέλει
1394 3298 1597 3379 λέγειν·
1639 3296 1788 3371 δῆλα
1813 3319 1926 3375 γαρ
