2259 3500
387 116 600 192 37—40]
989 114 1982 168 mN1xopn.17

383 182 644 266 ἐξεδίδου,
671 194 906 254 ἅλλον’
879 219 934 258 ες
963 193 1149 270 ἄλλην
1172 193 1344 254 πόλιν
1372 193 1708 271 παραδιδοῦς
1744 193 1874 255 ὅθεν
1900 194 1984 270 εἴη

387 285 640 364 ἕκαστος.
695 280 863 357 Κώην
879 283 985 357 μέν
1004 307 1100 341 νυν
1117 284 1538 357 Μυτιληναῖοι’
1513 284 1638 340 επεί
1657 307 1718 342 τε
1736 281 1983 360 τάχιστα
2002 283 2079 341 38

385 371 732 448 παρέλαβον,
756 368 1118 449 ἐξαγαγόντες
1145 370 1506 429 κατέλευσαν·
1543 372 1789 445 Κυμαῖοι
1809 369 1867 427 δὲ
1887 369 1986 428 τόν

387 460 664 535 σφέτερον
691 456 869 516 αὐτῶν
897 456 1139 532 ἀπῆκαν·
1175 459 1245 520 ὥς
1272 456 1331 516 δὲ
1359 457 1451 516 καὶ
1476 455 1647 516 ἄλλοι
1674 459 1727 515 οἱ
1752 460 1987 519 πλεῦνες

385 547 644 608 ἀπίεσαν·
710 543 988 622 τυράννων
1012 547 1118 621 μέν
1145 569 1241 606 νυν
1267 542 1611 607 κατάπαυσις
1637 544 1855 626 ἐγένετο
1881 543 1987 604 οἷνοὶ

385 633 485 697 τοὶς
511 635 730 696 πόλιας.

462 713 872 826 Ἀρισταγόρης
913 714 972 773 δὲ
1013 741 1044 774 ο
1087 713 1377 790 Μιλήσιος
1418 714 1489 778 ὥς
1526 713 1655 776 τούς
1688 713 1986 792 τυράννους

386 805 700 863 κατέπαυσε
728 802 1076 882 στρατηγούς
1107 807 1164 861 ἐν
1192 800 1401 880 ἑκάστῃ
1424 806 1534 861 τῶν
1561 803 1773 860 πολίων
1800 799 1985 859 κελεύ-
2047 839 2057 848 -

385 916 493 953 σας
535 890 800 952 ἑκάστους
840 893 1211 966 καταστῆσαι,
1249 889 1477 966 δεύτερα
1514 887 1680 950 αὐτὸς
1716 892 1770 950 ἐς
1810 894 1982 946 Λακε-

386 977 620 1054 δαίμονα
665 977 878 1054 τριήρεϊ
930 976 1254 1040 ἀπόστολος
1302 977 1530 1058 ἐγίνετο·
1586 975 1699 1036 ἔδεε
1750 974 1860 1054 γὰρ
1915 975 1983 1050 δῆ

386 1067 710 1145 συμμαχίης
736 1063 884 1128 τινός
913 1067 966 1124 οἱ
991 1063 1244 1146 μεγάλης
1271 1065 1637 1140 ἐξευρεθῆναι.

464 1157 576 1229 Τῆς
623 1153 682 1212 δὲ
738 1152 998 1229 Σπάρτης
1043 1151 1469 1228 Ἀναξανδρίδης
1517 1154 1621 1229 μὲν
1665 1149 1699 1210 ὅ
1743 1150 1984 1214 Λέοντος
2000 1151 2077 1210 39

389 1239 570 1301 οὐκέτι
593 1240 825 1318 περιεῶν
845 1241 1169 1317 ἐβασίλευε,
1190 1238 1345 1300 αλλα
1372 1237 1799 1314 ἐτετελευτήκεε·
1834 1242 1984 1298 Κλε-

389 1331 585 1407 ομένης
625 1330 684 1389 δὲ
725 1356 756 1388 ο
795 1327 1229 1404 Ἀναξανδρίδεω
1272 1328 1387 1407 εἶχε
1424 1327 1528 1404 τῆν
1558 1327 1889 1407 βασιληιην,
1918 1325 1983 1385 οὗ

389 1417 528 1476 κατοὶ
555 1417 924 1498 ανδραγαθίην
949 1441 1108 1495 σχων
1135 1413 1291 1474 οἷλλοὶ
1316 1441 1455 1476 κατα
1480 1415 1658 1496 γένος.
1723 1413 1984 1484 Ἀναξαν-

389 1502 543 1582 δριδῃ
563 1504 672 1585 γὰρ
695 1506 876 1582 ἔχοντι
899 1506 1132 1584 γυναῖκα
1159 1501 1491 1579 ἀδελφεῆς“
1466 1528 1667 1563 εωυτου
1640 1502 1983 1582 ’θυγατέρῳ

390 1591 483 1648 καὶ
503 1591 700 1665 ἐούσης
718 1589 919 1666 ταύτης
938 1593 993 1648 οἱ
1011 1589 1367 1666 καταθυμίης,
1386 1589 1579 1652 παῖδες
1596 1588 1696 1648 οὐκ
1717 1590 1981 1676 ἐγίνοιςτο·

388 1676 586 1736 τούτου
616 1677 675 1735 δὲ
703 1676 958 1736 τοιούτου
995 1677 1194 1749 ἐόντος,
1225 1681 1277 1737 οἶ
1313 1679 1509 1756 ἔφοροι
1539 1677 1699 1736 εἶπαν
1731 1681 1983 1736 ἐπικαλε-

389 1765 626 1843 σάμενοι
655 1764 840 1836 αὐτον,
871 1775 906 1800 “
923 1766 974 1825 εἴ
1005 1792 1094 1825 τοι
1129 1765 1206 1825 σύ
1233 1791 1300 1847 γε
1336 1768 1581 1825 σεωυτοῦ
1609 1763 1692 1841 μῆ
1718 1767 1982 1843 προορᾷς,

389 1852 519 1913 ἀλλ’
536 1852 672 1931 ἡμῖν
696 1853 862 1913 τοῦτό
890 1858 1014 1914 ἐστι
1041 1852 1105 1914 οὗ
1130 1854 1463 1935 περιοπτέον
1486 1853 1646 1935 γένος
1670 1877 1738 1912 το
1765 1850 1982 1929 Εὐρυσ-

389 1942 571 2004 θένεος
616 1942 882 2023 γενέσθαι
929 1942 1203 2018 ἐξίτηλον.
1284 1941 1360 2001 σύ
1404 1967 1502 2003 νυν
1544 1940 1647 2017 τῆν
1692 1942 1797 2016 μὲν
1842 1940 1985 2019 ἔχεις

387 2031 633 2107 γυναῖκα,
663 2030 787 2087 ἐπεί
811 2055 872 2089 τε
898 2055 986 2089 τοι
1013 2028 1077 2089 οὗ
1104 2030 1293 2099 τίκτει,
1320 2029 1457 2099 ἔξεο,
1484 2027 1669 2105 ἄλλην
1696 2029 1755 2088 δὲ
1778 2031 1982 2109 γῆμον·

390 2116 480 2173 καὶ
511 2118 712 2177 ποιέων
737 2120 930 2187 ταῦτα,
959 2115 1351 2195 Σπαρτιήτῃσι
1376 2114 1653 2192 &Maece-'³
1686 2115 1719 2175 ὅ
1747 2116 1805 2175 δὲ
1831 2115 1983 2193 οἶμεί-

385 2204 528 2279 βετο
555 2203 668 2279 φὰς
702 2203 912 2267 τούτων
950 2204 1211 2281 οὐδέτερα
1242 2203 1518 2281 ποιήσειν·
1560 2204 1795 2267 ἐκείνους
1824 2229 1887 2263 τε
1918 2202 1984 2262 οὗ

389 2294 572 2353 καλῶς
603 2290 1015 2369 συμβουλεύειν
1040 2292 1435 2367 παραινέοντας
1460 2290 1564 2366 τῆν
1594 2292 1708 2370 ἔχει
1732 2294 1983 2371 γυναῖκα,

390 2381 595 2436 ἐοῦσαν
637 2377 1024 2455 ἀναμάρτητον
1065 2382 1257 2457 ἑωυτῷ,
1301 2378 1505 2453 ταύτην
1551 2377 1761 2437 ἀπέντα
1800 2375 1985 2455 ἄλλην

391 2465 795 2545 ἐσαγαγέσθαι·
836 2464 963 2524 οὐδέ
991 2472 1105 2543 σφι
1130 2466 1451 2527 πείσεσθαι.
1532 2464 1689 2541 Προς
1724 2469 1899 2525 ταῦτα
1932 2492 1985 2525 οι
1966 2465 2079 2524 ‘40

389 2552 586 2629 εφοροι
627 2553 718 2613 καὶ
759 2556 812 2613 οἱ
845 2554 1101 2634 γέροντες
1134 2552 1599 2630 βουλευσαμενοι,
1632 2552 1987 2631 προσέφερον

388 2632 783 2721 Ἀναξανδρίδῃ
824 2641 975 2701 ταδε·
1025 2650 1060 2676 “
1079 2640 1198 2701 ἐπεὶ
1242 2641 1425 2701 τοίνυν
1464 2665 1553 2700 τοι
1592 2639 1988 2720 περιεχόμενόν

389 2752 460 2785 σε
485 2726 716 2805 ὁρέομεν
733 2733 834 2805 τῆς
861 2728 1005 2807 ἔχεις
1027 2754 1301 2809 γυναικος,
1324 2752 1401 2787 συ
1429 2728 1488 2787 δὲ
1511 2731 1688 2789 ταῦτα
1713 2729 1867 2787 ποίεε
1893 2729 1987 2787 καὶ

387 2813 470 2890 μῆ
502 2813 786 2893 ἀντίβαινε
817 2814 1084 2887 τούτοισι,
1121 2818 1211 2877 ἵνα
1248 2815 1330 2894 μή
1366 2842 1421 2877 τι
1454 2816 1689 2877 α’,λλοῖον
1718 2817 1847 2895 περὶ
1883 2819 1987 2875 σεῧ

391 2903 446 2959 οἱ
473 2902 818 2979 Σπαρτιῆται
843 2903 1285 2980 βουλεύσωνται·
1317 2903 1575 2985 γυναικὸς
1598 2906 1701 2980 μὲν
1719 2907 1819 2979 τῆς
1846 2904 1989 2981 ἔχεις

391 2987 457 3046 οὗ
496 2989 891 3069 προσδεόμεθά
935 3017 1036 3051 σευ
1077 2995 1179 3067 τῆς
1222 2992 1451 3061 ἐξέσιος·
1494 3018 1567 3050 συ
1615 2991 1674 3050 δὲ
1714 2988 1886 3067 ταύτῃ
1925 3014 1988 3049 τε

390 3072 574 3145 πάντα
615 3075 728 3137 ὅσα
771 3082 868 3139 νῦν
909 3080 1171 3158 παρέχεις
1215 3078 1441 3157 πάρεχε,
1487 3079 1579 3137 καὶ
1626 3076 1809 3151 ἄλλην
1848 3076 1989 3153 πρὸς

389 3162 563 3246 ταύτῃ
602 3166 848 3247 ἐσαγαγε
886 3170 1119 3247 γυναῖκα
1158 3164 1531 3227 τεκνοποιόν·”
1584 3162 1759 3224 ταῦτά
1793 3189 1891 3240 κη
1898 3167 1989 3222 λε·-

389 3251 615 3334 γόντων,
650 3280 1012 3333 συνεχωρησε
1052 3281 1084 3315 ο
1123 3253 1567 3328 Ἀναξανδρίδης·
1607 3251 1749 3327 μετ-οὶ
1788 3251 1991 3332 δὲ,γυ-
