2259 3500
281 93 378 155 296
900 104 1265 153 ·HPOA0'1'0T
1758 104 1883 168 [IX.

186 187 263 246 30
277 184 526 264 χιλιάδες
552 184 644 242 καὶ
671 181 1024 246 ἑκατοντάδες
1054 182 1239 242 πέντε.
1320 186 1433 242 Τοῦ
1466 183 1525 242 δὲ
1561 182 1885 260 σύμπαντος

281 272 613 346 Ἑλληνικοῦ
658 273 759 331 τοῦ
808 269 1180 336 συνελθόντος
1226 274 1283 334 ἐς
1328 268 1621 332 Πλαταιὰς
1668 268 1779 330 σύν
1822 299 1885 333 τε

283 359 552 437 ὁπλίτῃσι
581 359 674 417 καὶ
701 363 924 436 ψιλοῖσι
949 362 1104 419 τοῖσι
1141 361 1443 438 μαχίμοισι
1478 357 1665 418 ἕνδεκα
1692 359 1883 435 μυριά-

284 447 371 510 δες
395 445 560 522 ἦσαν,
588 449 721 522 μιῆς
744 447 998 525 χιλιάδος
1031 447 1173 525 πρὸς
1210 447 1269 506 δὲ
1302 445 1645 508 ὀκτακοσίων
1674 445 1885 523 ἀνδρῶν

285 534 668 594 καταδέουσαι·
732 534 839 594 σῦν
870 534 929 594 δὲ
959 537 1248 595 Θεσπιέων
1282 537 1435 594 τοῖσι
1468 538 1742 611 παρεοῦσι
1774 535 1884 605 ἐξε-

283 626 600 700 πληροῦντο
643 625 702 689 αἱ
746 621 934 682 ἕνδεκα
984 623 1260 701 μυριάδες·
1328 625 1595 698 παρῆσαν
1638 622 1749 702 γὰρ
1794 623 1885 682 καὶ

285 711 570 770 Θεσπιέων
603 715 662 770 ἐν
696 714 772 788 τῷ
808 711 1169 789 στρατοπέδῳ
1202 713 1257 769 οἵ
1296 709 1618 787 περιεόντες,
1649 707 1885 787 οἷριθμόν

285 804 342 861 ἐς
365 797 728 860 ὀκτακοσίους
755 798 846 857 καὶ
865 798 1101 876 χιλίους·
1131 797 1282 858 ὅπλα
1310 797 1369 856 δὲ
1397 796 1507 856 οὐδ’
1532 795 1687 860 οὗτοι
1714 798 1883 876 εἶχον.

287 884 440 946 οὗτοι
465 887 570 963 μέν
595 911 690 946 νυν
716 885 1012 965 ταχθέντες
1046 885 1139 944 ἐπὶ
1170 889 1247 963 τῷ
1280 883 1521 963 Ἀσωπῷ
1552 888 1885 961 ἐστρατοπε-

286 973 527 1034 δεύοντο.
1338 1031 1343 1034 ,
1703 1035 1711 1045 ,

191 1063 262 1120 31
370 1065 444 1121 Οἱ
469 1062 528 1120 δὲ
554 1060 706 1138 ἀμφὶ
731 1059 1052 1137 Μαρδόνιον
1077 1059 1387 1138 βάρβαροι,
1408 1058 1479 1124 ὥς
1504 1058 1887 1136 ἀπεκήδευσαν

285 1149 629 1217 Μασίστιον,
657 1151 939 1226 παρῆσαν,
963 1148 1268 1225 πυθόμενοι
1292 1147 1421 1212 τούς
1434 1148 1724 1224 Ἕλληνας
1750 1148 1887 1210 εἶναι

288 1242 346 1296 ἐν
372 1238 717 1312 Πλαταιῇσι,
747 1235 838 1293 καὶ
864 1234 1022 1295 αὐτοὶ
1049 1235 1140 1294 ἐπὶ
1166 1235 1265 1294 τόν
1288 1235 1551 1296 Ἀσωπόν
1582 1235 1681 1296 τὸν
1706 1235 1885 1316 ταύτῃ

285 1324 501 1400 ῥέοντα.
585 1321 910 1399 ἀπικόμενοι
980 1322 1040 1382 δὲ
1117 1321 1529 1383 ἀντετάσσοντο
1604 1320 1707 1382 ὦδε
1778 1323 1886 1382 ὗπὸ

286 1410 626 1488 Μαρδονίου·
669 1411 810 1470 κατὰ
849 1413 952 1486 μὲν
992 1410 1462 1486 Λακεδαιμονίους
1503 1412 1711 1486 ἔστησε
1742 1412 1885 1490 Πέρ-

287 1525 412 1562 σας·
443 1499 534 1558 καὶ
553 1499 622 1574 δή
651 1497 870 1559 πολλόν
889 1497 998 1578 γὰρ
1026 1497 1329 1575 περιέασαν
1348 1497 1557 1574 πλήθεϊ
1573 1501 1627 1558 οἱ
1647 1499 1885 1576 Πέρσαι,

289 1590 385 1646 ἐπί
413 1613 476 1646 τε
511 1586 664 1656 τάξις
690 1590 932 1650 πλεῦνας
966 1585 1355 1662 ἐκεκοσμέατο,
1386 1586 1477 1644 καὶ
1512 1589 1735 1664 ἐπεῖχον
1759 1586 1890 1650 τοῦς

289 1674 582 1757 Τεγεήτας·
625 1675 780 1746 ἔταξε
807 1675 866 1733 δὲ
893 1673 1054 1734 οὕτω·
1097 1673 1128 1734 ὅ
1156 1699 1211 1733 τι
1238 1676 1339 1751 μὲν
1366 1673 1435 1748 ἦν
1462 1672 1632 1734 αὐτοῦ
1658 1673 1889 1751 δυνατώ-

287 1789 456 1825 τατον
496 1768 609 1825 πᾶν
640 1763 935 1834 ἀπολέξας,
965 1764 1171 1839 ἔστησε
1209 1760 1395 1822 α’ντίον
1421 1762 1886 1839 Λακεδαιμονίων·

287 1851 354 1912 τὰ
395 1852 455 1911 δὲ
495 1851 899 1928 ἀσθενέστερον
935 1850 1210 1929 παρέταξε
1252 1849 1393 1909 κατοὶ
1433 1849 1563 1913 τούς
1594 1850 1888 1931 Τεγεήτας·

287 1943 464 2000 ταῦτα
499 1938 546 1997 δ’
585 1940 764 1998 ἐποίεε
797 1938 1116 2014 φραζόντων
1152 1962 1216 1997 τε
1252 1938 1345 1995 καὶ
1378 1936 1747 2001 διδασκόντων
1781 1944 1889 2013 Θη-

289 2028 486 2105 βαίων.
555 2026 823 2104 Περσέων
852 2026 910 2083 δὲ
937 2025 1233 2103 ἐχομένους
1262 2025 1417 2093 ἔταξε
1445 2025 1691 2100 Μήδους·
1736 2023 1891 2085 οὗτοι

291 2115 351 2173 δὲ
404 2116 648 2195 ἐπέσχον
700 2112 1031 2189 Κορινθίους
1091 2137 1155 2170 τε
1208 2111 1301 2170 καὶ
1354 2111 1743 2188 Ποτιδαιήτας,
1800 2114 1893 2173 καὶ

289 2201 682 2279 Ὀρχομενίους
732 2225 795 2259 τε
842 2199 934 2258 καὶ
980 2199 1325 2263 Σικυωνίους.
1410 2200 1617 2276 Μήδων
1668 2202 1726 2260 δὲ
1772 2206 1892 2279 ἐχο-

291 2289 487 2366 μένους
535 2288 690 2357 ἔταξε
739 2288 1063 2364 Βακτρίους·
1134 2284 1287 2347 οὗτοι
1341 2287 1402 2346 δὲ
1448 2290 1693 2366 ἐπέσχον
1738 2288 1893 2347 Ἐπι-

293 2378 543 2454 δαυρίους
571 2402 634 2437 τε
678 2376 770 2435 καὶ
809 2376 1175 2453 Τροιζηνίους,
1219 2376 1311 2435 καὶ
1350 2376 1674 2453 Λεπρεήτας
1704 2402 1767 2435 τε
1804 2378 1897 2435 καὶ

293 2465 627 2543 Τιρυνθίους,
657 2466 748 2523 καὶ
775 2464 1128 2540 Μυκηναίους
1154 2489 1216 2524 τε
1244 2465 1335 2523 καὶ
1362 2464 1685 2527 Φλιασίους.
1754 2462 1895 2540 μετὰ

295 2552 354 2613 δὲ
381 2554 685 2631 Βακτρίους
721 2555 928 2629 ἔστησε
960 2551 1183 2615 Ἰνδούς·
1234 2550 1386 2617 οὗτοι
1416 2550 1476 2609 δὲ
1504 2552 1747 2629 ἐπέσχον
1772 2550 1894 2627 Ἑρ·

293 2643 516 2719 μιονέας
550 2667 613 2701 τε
647 2642 739 2700 καὶ
772 2640 1098 2717 Ἐρετριέας,
1138 2640 1229 2698 καὶ
1258 2640 1499 2717 Στυρέας
1530 2663 1592 2699 τε
1619 2639 1712 2697 καὶ
1740 2642 1895 2698 Χαλ-

297 2730 493 2794 κιδέας.
561 2730 748 2789 Ἰνδῶν
769 2728 828 2787 δὲ
849 2728 1145 2807 ἐχομένους
1166 2726 1350 2791 Σάκας
1370 2727 1545 2796 ἔταξε·
1580 2726 1633 2786 οἳ
1654 2727 1899 2805 ἐπέσχον

294 2816 710 2897 Ἀμπρακιήτας
749 2842 812 2875 τε
852 2816 944 2873 καὶ
981 2814 1385 2892 Ἀνακτορίους,
1430 2815 1523 2874 καὶ
1547 2814 1897 2882 Λευκαδίους,

298 2907 389 2963 καὶ
425 2905 672 2977 Παλέας,
713 2904 805 2963 καὶ
841 2901 1160 2982 Αἰγινήτας.
1243 2903 1465 2966 Σακέων
1508 2902 1566 2961 δὲ
1604 2903 1901 2981 ἐχομένους

299 2991 454 3061 ἔταξε
479 2991 640 3051 οἷντία
664 2991 970 3065 Ἀθηναίων
1005 3014 1070 3048 τε
1105 2990 1198 3047 καὶ
1230 2992 1563 3051 Πλαταιέων
1590 2991 1683 3049 καὶ
1708 2996 1899 3069 Μεγα-

301 3079 438 3154 ρέων
462 3078 736 3140 Βοιωτούς
774 3102 836 3136 τε
879 3076 970 3134 καὶ
995 3076 1261 3153 Λοκροὺς,
1291 3078 1382 3135 καὶ
1423 3079 1680 3153 Μηλιέας
1711 3103 1773 3135 τε
1810 3076 1901 3134 καὶ

299 3164 649 3235 Θεσσαλοὺς,
703 3164 796 3223 καὶ
835 3163 1065 3222 Φωκέων
1101 3163 1232 3226 τούς
1270 3163 1507 3242 χιλίους·
1570 3164 1634 3223 οὕ
1676 3164 1785 3243 γοὶρ
1828 3161 1901 3223 ω’ν.

300 3248 538 3311 ἅπαντες
577 3254 632 3308 οἱ
669 3250 882 3313 Φωκέες
917 3249 1209 3326 ἐμήδισαν·
1250 3249 1404 3310 α’λλά
1433 3276 1577 3315 τινες
1602 3250 1783 3311 αὐτῶν
1810 3249 1903 3330 καζ
