2259 3500
216 924 294 982 90

231 3107 296 3164 ’Π

309 144 403 190 254
933 136 1296 187 'HPvo'rO‘r
1700 136 1899 201 [vm.

307 247 482 298 μενοι,
506 226 562 285 ἐς
585 219 689 296 τὴν
709 220 1006 295 Σαλαμῖνα
1031 216 1253 278 διένεον·
1292 220 1405 279 τῶν
1430 217 1491 277 δὲ
1515 216 1828 296 βαρβάρων
1854 222 1911 279 οῗ.

307 309 520 367 πολλοὶ
575 313 634 367 ἐν
693 311 766 386 τῇ
795 305 1093 383 ’θαλάσσῃ
1154 304 1557 383 διεφθάρησαν,
1616 306 1757 365 νέειν
1808 306 1909 366 οὔκ

310 393 689 471 ἐπιστάμενοι.
773 395 891 453 ἐπεὶ
947 394 1006 452 δὲ
1057 396 1116 452 αἱ
1168 397 1383 470 πρῶται
1424 398 1479 456 ἐς
1525 393 1715 475 φυγήν
1756 394 1909 471 ἐτρά-

311 508 503 554 ποντο,
549 483 783 543 ἐνθαῦτα
819 484 885 558 4αἱ
925 484 1193 540 πλεῖσται
1241 481 1639 557 διεφθείροντο·
1708 486 1763 542 οἱ
1799 484 1909 563 γάρ

312 568 517 631 ὄπισθε
535 571 880 651 τεταγμένοι,
901 573 959 641 ἐς
979 568 1047 629 τὰ
1074 567 1295 645 πρόσθε
1314 572 1451 648 τῇσι
1470 570 1636 645 νηυσὶ
1656 573 1909 647 παριέναι

311 684 654 736 πειρωμενοι,
708 684 780 721 ως
833 657 1235 735 ἀποδεξόμενοί
1286 683 1343 717 τι
1396 657 1489 717 καὶ
1540 655 1697 717 αὐτοὶ
1750 659 1911 739 ἔργον

313 748 570 823 βασιλέϊ,
611 749 749 825 τῇσι
788 749 1102 825 σφετέρῃσι
1142 746 1305 823 νηυσὶ
1348 744 1710 842 φευγούσῃσι
1760 771 1911 823 περι-

313 837 556 897 έπιπτον.

390 923 648 1006 Ἐγένετο
689 923 748 983 δὲ
789 922 882 982 καὶ
920 922 1047 983 τόδε
1087 926 1148 985 ἐν
1184 924 1263 1001 τῷ
1304 921 1527 1001 θορύβῳ
1567 921 1761 1001 τούτῳ·
1801 926 1912 983 τῶν

310 1036 452 1075 τινες
497 1012 766 1073 Φοινίκων
808 1014 919 1070 τῶν
965 1013 1024 1069 αἱ
1063 1014 1189 1088 νῆες
1205 1056 1209 1061 -
1228 1009 1613 1086 διεφθαρέατο,
1656 1009 1911 1075 ἐλθόντες

311 1098 466 1175 παρά
489 1099 745 1175 βασιλέα
771 1097 1082 1173 διέβαλλον
1105 1098 1237 1163 τούς
1250 1096 1460 1171 Ἴωνας,
1485 1096 1555 1162 ὥς
1582 1096 1649 1157 δι’
1677 1099 1911 1163 ἐκείνους

313 1184 626 1245 ἀπολοίατο
679 1188 738 1244 αἶ
785 1190 926 1261 νῆες,
979 1185 1052 1249 ὦς
1099 1186 1436 1263 προδόντων·
1505 1184 1791 1262 συνήνεικε
1838 1185 1912 1247 ὧν

314 1271 468 1345 οὕτω,
527 1273 672 1333 ὥστε
723 1272 921 1333 Ἰώνων
961 1298 1024 1333 τε
1064 1273 1195 1337 τοῦς
1248 1268 1597 1354 στρατηγοῧς
1646 1272 1728 1350 μὴ
1774 1273 1911 1334 ἀπο-

313 1360 532 1433 λέσθαι,
589 1361 858 1422 Φοινίκων
918 1386 981 1421 τε
1039 1360 1169 1423 τοὺς
1230 1360 1648 1437 διαβάλλοντας
1706 1364 1912 1437 λαβεῖν

313 1447 526 1509 τοιόνδε
551 1447 780 1526 μισθόν·
825 1450 905 1509 ἔτι
923 1448 1135 1509 τούτων
1158 1452 1335 1509 ταῦτα
1356 1448 1649 1529 λεγόντων,
1673 1450 1911 1525 ἐνέβαλε

313 1536 406 1613 νηῒ
455 1535 684 1617 Ἀττικῇ
737 1536 1120 1615 Σαμοθρηῖκίη
1166 1540 1316 1613 νηῦς·
1383 1536 1421 1612 ἥ
1466 1561 1528 1595 τε
1576 1535 1643 1611 δὴ
1683 1535 1910 1613 Ἀττική

314 1623 622 1695 κατεδύετο,
652 1625 744 1684 καὶ
781 1625 1157 1703 ἐπιφερομένη
1182 1624 1441 1705 Αἰγιναίη
1478 1628 1611 1701 νηῦς
1644 1624 1911 1686 κατέδυσε

312 1715 424 1772 τῶν
449 1712 848 1792 Σαμοθρηίκων
871 1714 976 1791 τὴν
1003 1718 1128 1791 νῆα·
1163 1713 1260 1775 ἅτε
1288 1714 1357 1791 δὴ
1382 1712 1560 1776 ἐόντες
1586 1711 1911 1774 ἀκοντισταὶ

314 1802 370 1859 οἱ
423 1801 819 1878 Σαμοθρήῐκες,
872 1802 1001 1865 τοῦς
1045 1801 1319 1878 ἐπιβάτας
1370 1800 1485 1860 ‹in-<3
1529 1805 1631 1877 τῆς
1683 1801 1911 1861 καταδυ-

311 1886 501 1964 σάσης
543 1888 673 1964 νηὸς
706 1889 1028 1964 βάλλοντες
1058 1889 1365 1964 ἀπήραξαν,
1402 1889 1495 1948 καὶ
1527 1888 1822 1966 ἐπέβησάν
1850 1915 1912 1951 τε

313 1975 408 2033 καὶ
475 1976 646 2054 ἔσχον
699 1974 892 2051 αὐτήν.
972 1978 1151 2035 ταῦτα
1206 1975 1478 2056 γενόμενα
1538 1975 1667 2040 τούς
1717 1976 1913 2040 Ἴωνας

314 2060 609 2138 ἐρρύσατο·
672 2062 742 2125 ὥς
785 2062 898 2143 γάρ
935 2062 1048 2122 εἶδέ
1092 2069 1277 2140 σφεας
1317 2064 1529 2141 Ξέρξης
1572 2065 1733 2145 ἔργον
1765 2066 1913 2146 μέγα

315 2150 746 2228 ἐργασαμένους,
809 2150 1076 2227 ἐτράπετο
1129 2149 1271 2227 πρός
1310 2150 1439 2214 τούς
1490 2153 1759 2224 Φοίνικας,
1820 2154 1913 2212 οἷα

312 2233 794 2312 ὑπερλυπεόμενός
853 2263 915 2298 τε
981 2239 1076 2297 καὶ
1131 2237 1344 2303 πάντας
1402 2240 1738 2316 αἰτιώμενος·
1822 2241 1920 2300 καί

313 2329 508 2397 σφεων
562 2327 822 2383 ἐκέλευσε
873 2332 972 2388 τοῖς
1027 2325 1280 2402 κεφαλάς
1326 2325 1635 2404 ἀποταμεῖν
1692 2327 1781 2386 ἵνα
1831 2327 1913 2405 μὴ

314 2409 474 2468 αὐτοὶ
512 2412 672 2470 κακοὶ
706 2413 992 2492 γενόμενοι
1031 2413 1161 2476 τούς
1200 2413 1492 2492 ἀμείνονας
1530 2415 1912 2491 διαβάλλωσι.

315 2497 476 2576 (ὅκως
526 2497 638 2579 γάρ
689 2524 814 2559 τινα
853 2500 962 2560 ἴδοι
1005 2501 1217 2579 ’Ξέρξης
1262 2505 1369 2562 τῶν
1413 2505 1613 2562 ἑωυτοῦ
1658 2503 1819 2582 ἔργον
1860 2528 1915 2562 τι

313 2583 777 2663 ἀποδεικνύμενον
816 2591 876 2648 ἐν
913 2591 986 2666 τῇ
1026 2588 1320 2667 ναυμαχίῃ,
1354 2590 1659 2666 κατήμενος
1692 2588 1804 2649 ὖπὸ
1840 2592 1917 2670 τῷ

315 2671 466 2748 οὔρεϊ
499 2676 577 2752 τῷ
615 2672 803 2735 ἀντίον
843 2675 1164 2753 Σαλαμῖνος
1202 2675 1267 2736 τὰ
1310 2677 1571 2737 καλέεται
1610 2676 1914 2756 Αἰγάλεως,

313 2758 717 2822 ἀνεπυνθάνετο
757 2761 857 2823 τόν
892 2762 1229 2838 ποιήσαντα·
1280 2765 1371 2823 καὶ
1406 2791 1461 2824 οι
1494 2764 1939 2845 γραμματισταὶ,

314 2845 634 2928 ἀνέγραφον
658 2848 938 2927 πατρόθεν
961 2848 1062 2909 τᾶν
1087 2873 1426 2938 τριηραρχον
1453 2853 1545 2910 καὶ
1576 2852 1680 2929 τήν
1705 2851 1918 2932 πόλιν)

311 2935 456 3010 πρός
481 2935 540 2994 δὲ
567 2937 646 2995 ἔτι
675 2936 765 2996 καὶ
790 2935 1190 3014 προσελαβετο
1212 2928 1437 3013 φίλος’
1411 2964 1513 2999 εων
1526 2937 1919 3015 Ἀριαράμνης,

315 3019 456 3102 ἀνὴρ
485 3023 715 3100 Πέρσης
742 3025 975 3102 παρεών,
994 3023 1196 3085 τούτου
1222 3028 1321 3084 τοῦ
1349 3027 1665 3102 Φοινικηΐου
1692 3025 1920 3088 πάθεος·

401 3112 475 3166 Οἱ
500 3112 603 3185 μὲν
630 3111 697 3187 δὴ
723 3112 863 3191 πρός
888 3137 1018 3174 τους
1043 3112 1355 3174 Φοινίκας’
1330 3113 1652 3190 ετράποντο.
1725 3116 1838 3173 τῶν
1864 3113 1925 3172 δε

315 3194 629 3273 βαρβάρων
683 3204 737 3262 ἐς
791 3198 981 3281 φυγὴν
1026 3199 1387 3275 τραπομένων
1440 3200 1533 3258 καὶ
1575 3199 1927 3260 ἐκπλεόντων

316 3279 459 3355 πρός
507 3283 576 3343 το
629 3285 908 3362 Φάληρον,
965 3290 1279 3367 Αιγινηται,
1340 3285 1685 3348 υποστάντες
1736 3289 1799 3346 ἐν
1848 3287 1931 3364 τῷ
