2259 3500
359 111 441 172 28,
473 110 558 174 29]
983 105 1362 159 ΚΑΛΛῙΟΠΗ.
1855 109 1951 159 295

355 187 425 256 δέ
445 193 558 266 σφι
583 185 802 248 εἵλοντο
827 185 1058 248 ἑστάναι
1077 191 1132 248 οἶ
1153 190 1499 265 Σπαρτιῆται
1515 189 1645 252 τοῦς
1662 185 1955 268 Τεγεήτας,

361 275 454 334 καὶ
479 279 646 351 τιμῆς
670 274 848 336 εἵνεκα
873 275 966 334 καὶ
989 273 1207 353 ἀρετῆς·
1246 274 1456 336 τούτων
1480 275 1527 334 δ’
1552 274 1701 350 ἦσαν
1728 274 1957 335 ὁπλῖται

359 363 537 440 χιλιοι
579 362 672 422 καὶ
716 361 1095 439 πεντηκόσιοι.
1174 361 1317 440 μετὰ
1366 363 1425 422 δὲ
1464 361 1689 424 τούτους
1732 362 1959 422 ἵσταντο

361 451 672 527 Κορινθίων
716 453 1184 529 πεντακισχίλιοι·
1264 450 1419 528 παραὶ
1463 450 1526 510 δέ
1569 458 1682 527 σφι
1736 449 1958 527 εὕροντο

359 537 514 614 παρὰ
541 538 874 598 Παυσανίεω
900 537 1129 598 ἑστάναι
1148 538 1559 614 Ποτιδαιητέων
1582 543 1692 598 τῶν
1717 543 1777 598 ἐκ
1798 543 1956 597 Παλ-

357 625 534 702 λήνης
567 651 697 690 τους
721 626 1029 704 παρεόντας
1051 627 1422 703 τριηκοσίους.
1503 625 1711 686 τούτων
1742 626 1803 685 δὲ
1839 626 1959 705 ἐχό-

359 737 519 790 μενοι
559 713 790 774 ἵσταντο
813 713 1078 791 Ἀρκάδες
1109 713 1465 792 Ὀρχομένιοι
1498 713 1799 784 ἑξακόσιοι·
1837 739 1960 773 του-

361 825 470 860 των
515 799 590 870 δέ,
635 801 922 865 Σικυωνιοι
963 802 1292 880 τρισχίλιοι.
1372 826 1581 862 τουτων
1633 801 1693 860 δὲ
1745 802 1961 880 εἴχοντο

361 885 782 964 Ἐπιδαυρίων’
751 887 1085 949 οκτακόσιοι.
1125 889 1280 966 παροὶ
1302 889 1361 948 δὲ
1385 889 1613 954 τούτους
1630 890 1961 968 Τροιζηνίων

365 972 678 1035 ἐτάσσοντο
711 977 910 1062 χίλιοι.
991 976 1321 1054 Τροιζηνίων
1352 977 1469 1036 δὲ’
1442 977 1711 1056 εχόμενοι,
1751 983 1961 1053 Λεπρε-

363 1062 538 1138 ητέων
557 1057 850 1139 διηκόσιοι·
875 1062 1084 1124 τούτων
1103 1063 1179 1134 δε,
1202 1065 1535 1140 Μυκηναίων
1557 1090 1649 1123 και
1626 1065 1963 1141 Τιρυνθίων
2042 1081 2049 1086 “

363 1150 734 1227 τετρακόσιοι.
813 1177 1024 1214 τουτων
1065 1152 1126 1212 δὲ
1168 1151 1438 1232 ἐχόμενοι,
1472 1152 1738 1213 Φλιάσιοι
1768 1157 1963 1232 χιλιοι·

365 1237 518 1315 παραὶ
577 1238 638 1298 δὲ
687 1238 916 1304 τούτους
969 1240 1222 1301 ἔστασαν
1268 1239 1582 1319 Ἑρμιονέες
1633 1241 1963 1320 τριηκόσιοι.

363 1325 696 1403 Ἑρμιονέων
741 1327 801 1386 δὲ
841 1327 1097 1407 ἐχόμενοι
1140 1329 1367 1389 ἵσταντο
1408 1328 1729 1408 Ἐρετριέων
1768 1355 1831 1390 τε
1872 1330 1965 1404 καὶ

367 1415 618 1492 Στυρέων
637 1415 938 1484 ἑξακόσιοι·
963 1416 1173 1478 τούτων
1192 1417 1252 1476 δέ
1272 1416 1577 1479 Χαλκιδέες
1594 1417 1963 1495 τετρακόσιοι·

366 1502 574 1562 τούτων
625 1502 700 1572 δὲ,
752 1501 1209 1581 Ἀμπρακιητέων
1261 1503 1635 1580 πεντηκόσιοι.
1717 1504 1859 1581 μεταῖ
1906 1505 1965 1564 δὲ

365 1590 612 1658 τούτους,
631 1591 946 1652 Λευκαδίων
964 1593 1056 1651 καὶ
1075 1592 1444 1669 Ἀνακτορίων
1464 1591 1786 1651 ὀκτακόσιοι
1804 1591 1965 1652 ἔστα·-

367 1702 499 1737 σαν·
528 1671 738 1738 τούτων
763 1679 822 1738 δὲ
849 1679 1122 1759 ἐχόμενοι,
1144 1683 1367 1745 Παλέες
1394 1683 1447 1739 οἳ
1474 1685 1535 1739 ἐκ
1562 1681 1967 1757 Κεφαλληνίης

370 1765 664 1837 διηκόσιοι.
725 1768 869 1845 μετοῖ
896 1770 956 1828 δὲ
979 1770 1225 1841 τούτους,
1254 1769 1587 1851 Αἰγινητέων
1613 1768 1968 1845 πεντηκόσιοι

371 1852 710 1932 ἐτάχθησαν.
790 1856 944 1935 παρὰ
969 1857 1030 1917 δὲ
1059 1858 1289 1922 τούτους
1326 1856 1638 1917 ἐτάσσοντο
1666 1858 1970 1938 Μεγαρέων

368 1943 696 2021 τρισχιλιοι.
759 1944 976 2023 εἴχοντο
1003 1946 1064 2005 δὲ
1087 1946 1311 2016 τούτων,
1335 1946 1645 2008 Πλαταιέες
1670 1944 1968 2015 ἑξακόσιοι.

367 2034 676 2092 τελευταῖοι
705 2031 765 2091 δὲ
791 2034 883 2092 καὶ
909 2038 1120 2110 πρῶτοι
1143 2033 1431 2109 Ἀθηναῖοι
1456 2032 1781 2103 ἐτάσσοντο,
1811 2033 1970 2109 κέρας

372 2120 590 2197 ἔχοντες
630 2119 696 2180 *ro*
743 2120 1033 2198 εὐώνυμον,
1067 2121 1498 2201 ὀκτακισχίλιοι·
1556 2119 1893 2201 ἐστρατήγεε
1924 2118 1971 2179 δ’

371 2206 550 2285 αυτῶν
582 2206 997 2283 Ἀριστείδηςε
967 2235 998 2268 ο
1033 2208 1389 2288 Λυσιμάχου.
1472 2235 1641 2279 ουτοι,
1675 2208 1830 2285 πλην
1863 2233 1972 2268 των

372 2291 514 2351 ἑπτα
554 2294 682 2381 περὶ
724 2294 961 2356 ἕκαστον
998 2298 1346 2377 τεταγμένων
1386 2295 1862 2375 Σπαρτιήτῃσι,’
1824 2322 1973 2372 ησαν

373 2378 618 2449 οπλῖται,
641 2382 985 2446 συνάπαντες
1005 2383 1185 2447 ἐόντες
1204 2383 1443 2461 οἷριθμόν
1459 2388 1606 2461 τρεῖς
1629 2410 1693 2444 τε
1717 2384 1973 2462 μυριάδες

374 2466 468 2525 καὶ
502 2465 648 2527 ὄκτω
677 2467 927 2547 χιλιάδες
960 2470 1052 2530 καὶ
1084 2472 1493 2535 ἑκατοντάδες“
1468 2472 1625 2531 επτά.
1706 2470 1973 2531 Ὀπλῗται
1990 2472 2067 2531 29

372 2556 476 2629 μὲν
509 2558 562 2614 οἱ
597 2554 800 2621 πάντες
835 2559 1205 2641 συλλεγέντες
1240 2561 1331 2619 ἐπὶ
1370 2559 1469 2619 τὸν
1498 2558 1801 2636 βάρβαρον
1825 2557 1973 2634 ἦσαν

373 2646 656 2702 τοσοῦτοι·
697 2648 880 2722 ψιλων
907 2646 968 2705 δὲ
992 2646 1275 2723 πλῆθος’
1239 2672 1309 2723 ην
1338 2646 1486 2707 τόδε·
1527 2672 1627 2723 της
1657 2648 1761 2722 μὲν
1788 2647 1974 2722 Σπαρ-

373 2735 621 2807 τιητικῆς
639 2731 826 2802 τάξιος
843 2736 1291 2819 πεντακισχίλιοι
1311 2736 1403 2793 καὶ
1422 2758 1740 2811 τρισμυριοι
1767 2732 1974 2809 ἄνδρες,

376 2842 446 2879 ως
474 2817 671 2881 ἐόντων
699 2822 837 2882 ἑπτα
862 2824 990 2899 περὶ
1019 2825 1257 2883 ἕκαστον
1283 2821 1473 2899 ανδρα·
1517 2823 1607 2879 καὶ
1633 2820 1842 2880 τούτων
1866 2824 1977 2884 πᾶς

373 2930 458 2968 τις
502 2907 826 2985 παρήρτητο
871 2938 942 2975 ως
983 2917 1038 2973 ἐς
1083 2910 1355 2987 πόλεμον·
1418 2912 1470 2968 οἱ
1517 2909 1575 2967 δὲ
1615 2912 1725 2967 τῶν
1765 2911 1977 2967 λοιπῶν

374 2995 824 3073 Λακεδαιμονίων
878 3000 970 3057 καὶ
1019 2998 1311 3073 Ἑλλήνων
1364 2997 1541 3074 ψιλοὶ,
1597 2994 1667 3059 ὥς
1720 2995 1797 3057 εἷς
1850 2995 1977 3071 περὶ

377 3082 616 3146 ἕκαστον
653 3085 755 3146 ἐῶν
791 3084 979 3165 ἄνδρα,
1013 3086 1371 3147 πεντακόσιοι
1407 3085 1499 3141 καὶ
1537 3082 1979 3160 τετρακισχίλιοι

377 3170 470 3229 καὶ
507 3173 830 3253 τρισμύριοι
887 3174 1055 3251 ἦσαν·
1097 3176 1279 3254 ψιλῶν
1318 3174 1422 3249 μὲν
1461 3170 1528 3247 δὴ
1575 3174 1685 3231 τῶν
1724 3168 1979 3231 άπάντων

375 3260 638 3340 μαχίμων
683 3262 756 3340 ἦν
793 3261 860 3324 τὰ
908 3264 1130 3339 πλῆθος
1172 3261 1236 3331 ἐξ
1282 3284 1345 3319 τε
1396 3258 1653 3335 μυριάδες
1694 3259 1786 3318 καὶ
1828 3258 1981 3319 ἐννέα
