2259 3500
241 178 254 190 .
342 145 586 209 ,16—21]
1062 143 1288 192 num.
1904 143 1965 190 σε

339 227 430 285 ,δὲ
465 221 817 302 παρενθήκήν
853 223 1059 303 ἔχρησε
1101 226 1157 286 ἐς
1192 221 1532 297 Μιλησίους.
1610 219 1691 281 τό·
1720 219 1826 298 μέν
1866 245 1964 280 νυν

370 315 426 376 ἐς
465 338 598 396 τους
625 311 910 393 Ἀργείους
948 312 1093 389 ἔχον,
1128 309 1295 370 ε’πεοὶν
1336 333 1477 369 κατα
1515 333 1684 369 τουτο
1724 309 1966 388 γένωμαι

335 453 346 466 ,.
373 405 471 461 τοῦ
505 399 682 481 λόγου
705 399 834 459 τότε
856 398 1283 488 μνησθήσομαι·
1324 397 1397 457 τοὶ
1435 397 1495 458 δὲ
1534 401 1687 458 τοῖσι
1714 397 1965 472 Μιλησί-

369 515 511 550 οισι.
527 514 593 548 ου
633 492 910 565 παρεοῦσι
950 466 1159 566 ἔχρησε
1201 487 1316 565 ἔχει
1356 483 1481 545 ὦδε·

592 648 696 696 Καὶ
716 647 830 696 τότε
851 647 924 706 δὴ,
954 647 1162 706 Μίλητε,
1190 647 1345 694 κακῶν
1368 645 1635 706 ἐπιμήχανε
1657 647 1823 708 ἔργων,

595 721 824 768 πολλοῖσι
847 719 1033 767 δεῖπνόν
1055 736 1111 766 τε
1134 720 1214 766 καὶ
1236 719 1405 778 ἀγλαὰ
1428 719 1555 780 δῶρα
1575 720 1787 778 γενήσει·

595 793 680 841 σαὶ
701 791 743 839 δ’
765 789 938 851 ἄλοχοι
961 791 1189 838 πολλοῖσι
1211 790 1361 839 πόδας
1381 791 1571 852 νίψουσι
1594 791 1837 848 κομήταις·

596 864 710 923 νηοῦ
730 862 774 912 δ’
789 863 1018 924 ἡμετέρου
1041 864 1259 922 Διδύμοις
1282 861 1478 910 ἄλλοισι
1498 862 1713 921 μελήσει.

368 1001 498 1064 τότε
543 1002 612 1080 δὴ
655 1007 832 1064 ταῦτα
872 1003 1002 1066 τούς
1044 1004 1368 1079 Μιλησίους
1416 1002 1826 1078 κατελάμβανε,
1872 1000 1964 1062 ὅτε

367 1116 436 1171 γε
470 1089 661 1169 ἄνδρες
694 1094 798 1169 μὲν
839 1095 893 1151 οἱ
931 1095 1167 1154 πλεῦνες
1199 1090 1501 1152 ἐκτείνοντο
1534 1089 1646 1150 ὖπὸ
1684 1094 1793 1150 τῶν
1818 1095 1965 1166 Περ-

367 1179 514 1239 σέων
540 1178 740 1240 ἐόντων
765 1180 1063 1257 κομητέων,
1088 1181 1342 1259 γυναῖκες
1372 1179 1432 1237 δὲ
1466 1178 1559 1237 καὶ
1588 1178 1753 1238 τέκνα
1784 1181 1842 1236 ἐν
1874 1176 1965 1236 οἴνι-

369 1266 657 1343 δραπόδων
691 1267 846 1348 λόγω
886 1266 1154 1377 ἐγίνοντο·
1198 1265 1317 1343 ἶρόν
1356 1267 1417 1325 δὲ
1454 1267 1521 1326 τᾶ
1554 1270 1611 1326 ἒν
1645 1263 1964 1342 Διδύμοισι,

371 1353 403 1414 ὁ
449 1355 576 1429 νηός
621 1381 684 1415 τε
731 1356 822 1415 καὶ
866 1380 932 1414 το
979 1379 1339 1434 χρηστήριον,
1383 1354 1703 1442 συληθέντα
1748 1353 1961 1430 ε’νεπίμ-

372 1467 570 1518 πρατο.
649 1447 760 1504 τῶν
785 1442 885 1502 δ”
858 1467 917 1503 εν
940 1446 1017 1521 τῷ
1045 1445 1143 1521 ἶρῳ
1165 1443 1341 1522 τούτω
1366 1443 1663 1522 χρημάτων
1688 1440 1965 1504 πολλακις

372 1529 594 1607 μνήμην
621 1531 842 1607 ἑτέρωθι
873 1535 974 1590 τοῦ
1013 1530 1191 1611 λόγου
1228 1530 1595 1608 ἐποιησάμην.
1676 1530 1963 1590 Ἐνθεῦτεν
1980 1531 2058 1590 20

342 1619 430 1676 ὀἳ
476 1617 840 1697 ζωγρηθέντες
891 1642 1000 1678 των
1047 1619 1348 1694 Μιλησίων
1387 1618 1593 1698 ἤγοντο
1646 1624 1701 1682 ἐς
1748 1619 1962 1682 Σοῦσα.

354 1703 652 1781 ,βασιλεῦς
677 1704 741 1765 δέ
763 1711 944 1781 σφεας
972 1707 1207 1783 Δαρεῖος
1235 1706 1405 1767 κακὰν
1432 1705 1591 1767 οὐδὲν
1628 1703 1775 1765 ἄλλο
1806 1704 1964 1781 ποιή-

359 1819 481 1857 ,σας
515 1794 798 1854 κατοίκισε
837 1794 930 1855 ἐπὶ
967 1798 1040 1873 τῇ
1063 1794 1309 1875 Ἐρυθρῇ
1336 1794 1645 1872 καλεομένῃ
1674 1792 1961 1872 θαλάσσῃ,

373 1886 430 1941 ἐν
443 1879 644 1961 Ἄμπῃ
683 1880 838 1953 πόλι,
867 1881 998 1960 παρ’
1023 1882 1095 1958 ἦν
1119 1885 1325 1964 Τίγρης
1352 1882 1601 1959 ποταμὸς
1640 1880 1964 1957 παραρρέων

371 1974 426 2033 ἐς
459 1969 764 2031 θάλασσαν
799 1971 946 2041 ἐξίει.
1028 1974 1130 2046 τῆς
1164 1970 1223 2029 δὲ
1256 1971 1545 2047 Μιλησίης
1585 1969 1767 2049 χώρης
1806 1967 1963 2029 αὐτοὶ

366 2059 470 2134 μὲν
506 2061 560 2118 οἱ
587 2059 810 2134 Πέρσαι
851 2058 1024 2137 εἶχον.
1043 2057 1116 2117 ‘td
1158 2058 1285 2135 περὶ
1323 2057 1429 2133 τήν
1462 2058 1632 2117 πόλιν
1660 2058 1750 2116 καὶ
1774 2057 1841 2117 vd
1866 2083 1961 2117 πε·-

367 2144 500 2215 δίον,
547 2145 618 2204 ταῖ
667 2146 728 2204 δὲ
779 2144 1088 2222 ὖπεράκρια
1140 2144 1344 2206 ἔδοσαν
1390 2146 1583 2223 Καρσὶ
1628 2144 1963 2221 Πηδασεῦσι

369 2234 650 2309 ε’κτῆσθαι.

449 2310 716 2380 Παθοΰσῖ
739 2321 798 2379 δὲ
821 2325 996 2381 ταῦτα
1021 2322 1367 2397 Μιλησίοισι
1402 2321 1544 2399 πρὸς
1569 2322 1836 2400 Περσέων
1862 2320 1961 2381 οὐκ
1979 2324 2049 2381 21

368 2405 653 2467 ἀπέδοσαν
696 2408 800 2483 τήν
847 2406 1046 2486 ὁμοίην
1094 2410 1426 2488 Συβαρῖται,
1474 2410 1527 2469 οἳ
1574 2408 1728 2469 Λάον
1766 2436 1828 2469 τε
1868 2410 1961 2468 καὶ

369 2492 678 2571 Σκίδρον*
622 2520 801 2555 οικεον
823 2499 925 2571 τῆς
949 2498 1203 2560 πόλιος’
1168 2498 1625 2575 απεστερημένοι.
1679 2497 1960 2575 Συβάριος

364 2580 475 2662 γοῖρ
514 2582 762 2661 ἁλούσης
801 2584 910 2645 ὕπο
955 2588 1398 2670 Κροτωνιητέων,
1442 2587 1725 2663 Μιλήσιοι
1762 2586 1961 2651 πάντες

362 2668 584 2745 ήβηδόν
621 2671 980 2750 ἀπεκείραντο
1019 2674 1120 2738 τοὶς
1161 2675 1414 2750 κεφαλὰς
1449 2676 1541 2735 καὶ
1574 2676 1775 2738 πένθος
1812 2676 1959 2755 μέγα

361 2758 788 2835 προεθήκαντο·
817 2761 1010 2825 πόλιες
1053 2789 1165 2844 γαρ
1214 2761 1375 2823 αὗται
1421 2764 1676 2841 μάλιστα
1730 2763 1797 2870 δη
1851 2766 1960 2821 τῶν

360 2844 526 2923 ημεῖς
563 2848 717 2925 ἴδμεν
755 2848 1052 2929 ἀλλήλῃσι
1094 2852 1479 2928 ἐξεινώθησαν.
1564 2852 1722 2911 οὐδὲν
1756 2850 1957 2927 ὁμοίως

362 2934 455 2993 καὶ
485 2932 794 3012 Ἀθηναῖοι.
874 2936 1165 3014 Ἀθηναῖοι
1195 2942 1299 3016 μὲν
1332 2940 1441 3019 γὰρ
1477 2941 1651 3015 δῆλον
1686 2938 1959 3013 ἐποίησαν
1986 3005 1993 3018 ,

358 3019 869 3102 ὑπεραχθεσθέντες
906 3029 978 3103 τῇ
1019 3024 1283 3102 Μιλήτου
1323 3027 1552 3097 (ἶλῶσει,
1593 3031 1665 3103 τῇ
1703 3050 1764 3084 τε
1804 3023 1956 3102 ἄλλῃ

358 3112 646 3189 πολλαχῆ,
675 3112 768 3171 καὶ
794 3111 860 3187 δὴ
891 3114 982 3171 καὶ
1014 3113 1317 3189 ποιήσαντι
1349 3114 1599 3191 Φρυνίχῳ
1638 3112 1821 3188 δρᾶμα
1848 3118 1955 3170 Μι-

357 3196 536 3273 λήτου
577 3198 794 3259 ἅλωσιν
832 3199 924 3258 καὶ
957 3199 1252 3272 διδάξαντι,
1284 3207 1338 3264 ἐς
1374 3198 1581 3275 δάκρυά
1608 3224 1669 3257 τε
1696 3199 1861 3258 ἔπεσε
1886 3198 1959 3259 τὰ

358 3285 591 3363 θέητρον
627 3288 720 3347 καὶ
756 3287 1072 3363 ἐζημίωσάν
1104 3314 1219 3365 μιν,
1247 3288 1317 3352 ὥς
1351 3285 1749 3362 ἀναμνήσαντα
1775 3284 1973 3377 οἷκήῖα,
