2259 3500
275 120 373 170 272
812 110 817 114 ·
883 112 1251 164 mmmmm?
1682 95 1870 177 [v1'11

281 187 598 272 θαλάσσης·
627 195 804 255 αἴτιον
825 194 884 253 δὲ
903 197 1071 253 τοῦτο
1097 192 1371 273 λέγοντες,
1398 219 1459 252 ευ
1428 191 1719 273 ’λέγειν’
1690 217 1879 273 εμοιγε

282 285 556 344 δοκέουσι.
617 308 748 345 τους
767 281 828 341 δὲ
846 282 1300 361 περιγενομένους
1326 279 1510 362 ἅπῆγε
1527 278 1881 357 Ἀρτάβαζος

281 376 336 435 ἐς
361 373 688 446 Θεσσαλίην
720 372 874 447 παροὶ
910 368 1250 447 Μαρδόνιον.
1334 366 1487 429 οὗτοι
1518 370 1621 446 μὲν
1655 372 1709 429 οἶ
1745 396 1879 446 προ·

280 461 600 537 πέμψαντες
623 459 878 535 βασιλέα
907 456 1048 517 οὕτω
1075 458 1335 534 ἔπρηξαν.

190 550 304 607 130
403 546 470 605 ‘0
497 547 558 605 δὲ
583 546 834 609 ναυτικός
856 545 887 605 ὅ
906 546 1122 622 Ξέρξεω
1148 544 1584 627 περιγενόμενος,
1610 544 1680 609 ὦς
1704 570 1881 622 προσ-

283 634 434 712 έμιξε
468 639 539 713 τῇ
572 634 743 712 Ἀσίῃ
779 632 999 714 φεύγων
1037 639 1096 693 ἐκ
1129 635 1464 711 Σαλαμῖνος,
1503 634 1595 691 καὶ
1627 633 1883 709 βασιλέα

280 748 342 781 τε
369 723 460 781 καὶ
485 722 588 799 τὴν
614 722 885 799 στρατιὴν
914 727 973 780 ἐκ
1001 720 1371 799 Χερσονήσου
1398 720 1803 797 διεπόρθμευσε
1830 725 1883 783 ἐς

270 808 540 887 Ἀβυδον,
563 811 863 890 ἐχειμέριζε
892 814 949 869 ἐν
971 809 1160 888 Κύμῃ·
1190 810 1347 886 ἔαρος
1366 808 1423 866 δὲ
1445 807 1882 886 ἐπιλάμψαντος,

283 899 486 975 πρώῖος
527 899 860 977 συνελέγετο
901 903 956 960 ἐς
999 896 1210 974 Σάμον·
1262 900 1319 956 αἱ
1360 896 1419 955 δὲ
1456 900 1567 956 τῶν
1608 900 1751 970 νηῶν
1792 897 1885 954 καὶ

285 988 636 1065 ἐχειμέρισαν
698 985 886 1045 αὐτοῦ·
970 986 1239 1062 Περσέων
1293 986 1351 1043 δὲ
1413 985 1505 1043 καὶ
1568 984 1778 1059 Μήδων
1832 988 1885 1045 οἳ

284 1079 517 1137 πλεῦνες
571 1072 929 1149 ἐπεβάτευον·
979 1072 1288 1153 στρατηγοὶ
1342 1073 1404 1132 δέ
1455 1077 1568 1149 σφι
1620 1073 1884 1147 ἐτι-ἦλθον,

286 1160 618 1238 Μαρδόντης
655 1186 716 1219 τε
757 1160 789 1219 ὁ
830 1162 1080 1242 Βαγαίου
1123 1161 1214 1219 καὶ
1238 1159 1579 1238 Ἀρταΰντης
1619 1159 1651 1219 ὅ
1690 1159 1886 1237 Ἀρτα-

285 1249 468 1327 χαίου·
519 1252 766 1327 συνῆρχε
807 1248 865 1306 δὲ
905 1248 1157 1309 τούτοισι
1199 1248 1290 1306 καὶ
1330 1246 1674 1324 ἀδελφιδέος,
1717 1248 1887 1309 αὐτοῦ

285 1335 624 1413 Ἀρταΰντεω
703 1337 1144 1414 προσελομένου,
1225 1334 1558 1413 Ἰθαμίτρης.
1666 1336 1763 1395 ἅτε
1830 1338 1889 1396 δὲ

291 1424 550 1505 μεγάλως
583 1425 905 1506 πληγέντες,
935 1424 1000 1484 οὗ
1039 1424 1324 1502 προήῖσαν
1364 1423 1611 1501 ἀνωτέρω
1646 1425 1718 1498 ,τό
1750 1424 1889 1502 πρός

289 1514 541 1589 ἑσπέρης,
582 1512 695 1573 ουδ’
735 1513 1076 1595 ἐπηνάγκαζε
1110 1513 1305 1576 οὐδείς·
1346 1511 1477 1571 ἀλλ’
1516 1517 1574 1571 ἐν
1611 1518 1702 1619 τῇ*
1720 1512 1888 1592 Σάμω

291 1602 604 1679 κατήμενοι,
634 1601 972 1678 ἐφύλασσον
996 1601 1100 1677 τήν
1129 1601 1342 1677 ’Ῑωνίην
1366 1626 1447 1677 μη
1476 1598 1719 1677 άποστῇ,
1756 1605 1891 1677 νῆας

289 1690 507 1770 ἔχοντες
553 1716 660 1751 συν
705 1694 842 1770 τῇσι
885 1688 1034 1749 Ἰάσι
1075 1690 1416 1768 τριηκοσίας.
1500 1714 1563 1747 ου
1602 1687 1722 1764 μην
1768 1688 1891 1747 οὐδὲ

289 1780 696 1856 προσεδέκοντο
754 1805 886 1842 τους
941 1779 1232 1854 Ἕλληνας
1290 1777 1625 1838 ἐλεύσεσθαι
1684 1785 1739 1840 ἐς
1787 1777 1891 1853 τήν

287 1865 514 1944 Ἰωνίην,
531 1867 663 1927 ἀλλ’
683 1867 1035 1946 ἀποχρήσειν
1055 1872 1168 1943 σφι
1195 1867 1297 1942 τήν
1322 1871 1531 1926 ἑωυτῶν
1551 1866 1889 1941 φυλάσσειν·

291 1955 702 2032 σταθμεύμενοι
754 1954 841 2014 ὅτι
882 1955 1068 2029 σφέας
1107 1953 1208 2014 οὐκ
1250 1954 1545 2024 ἐπεδίωξαν
1586 1953 1893 2035 φεύγοντας

293 2047 352 2101 ἐκ
401 2044 734 2119 Σαλαμῖνος,
778 2040 910 2100 ἀλλ’
953 2040 1190 2120 ἅσμενοι
1226 2040 1695 2102 ἀπαλλάσσοντο·
1752 2041 1893 2101 κατὰ

288 2131 394 2206 μέν
438 2155 534 2190 νυν
573 2129 678 2205 τήν
719 2129 1024 2190 θάλασσαν
1065 2131 1377 2207 ἑσσωμένοι
1415 2129 1567 2206 ἦσαν
1605 2134 1683 2209 τῷ
1723 2131 1891 2209 θυμῷ,

290 2218 431 2295 πεζῇ
472 2217 532 2274 δὲ
570 2215 791 2277 ἐδόκεον
829 2217 1069 2278 πολλὰν
1088 2217 1389 2294 κρατήσειν
1422 2217 1530 2277 rav*
1553 2217 1893 2295 Μαρδόνιον·

293 2303 473 2367 ἐόντες
499 2304 558 2364 δὲ
585 2309 642 2364 ἐν
671 2303 855 2384 Σάμῳ,
885 2305 1002 2381 ἅμα
1029 2308 1132 2382 μὲν
1160 2306 1529 2381 ἐβουλεύοντο
1560 2307 1686 2365 εἴτι
1714 2306 1892 2364 δυναί-

297 2418 398 2451 ατο
467 2418 638 2453 κακον
703 2419 834 2456 τους
884 2395 1189 2470 πολεμίους
1245 2394 1466 2463 ποιέειν,
1521 2420 1639 2471 αμα
1693 2395 1753 2452 δὲ
1805 2393 1895 2452 καὶ

294 2477 676 2541 ὠτακούστεον
703 2480 806 2557 ὅκη
832 2481 1094 2542 πεσέεται
1119 2508 1193 2542 τα
1221 2482 1543 2558 Μαρδονίου
1570 2481 1889 2562 πρήγματα.

201 2568 310 2627 131
412 2568 555 2632 Τους
582 2569 641 2628 δε
655 2568 944 2645 Ἕλληνας
967 2569 1034 2630 τό
1058 2597 1120 2630 τε
1150 2571 1244 2647 ἔαρ
1270 2569 1562 2651 γινόμενον
1587 2568 1775 2650 ἤγειρε
1804 2569 1895 2628 καὶ

293 2657 611 2734 Μαρδόνιος
645 2662 704 2717 ἐν
735 2659 1087 2737 Θεσσαλίῃ’
1062 2657 1182 2718 εῶν.
1272 2657 1303 2716 ὁ
1334 2660 1438 2735 μὲν
1469 2656 1537 2734 δη
1564 2657 1730 2728 πεζὰς
1756 2655 1897 2716 οὔκω

293 2745 646 2825 συνελέγετο·
689 2743 722 2804 ὁ
759 2744 818 2803 δὲ
854 2745 1106 2808 ναυτικὸς
1138 2744 1367 2805 άπίκετο
1401 2750 1456 2808 ἐς
1492 2746 1743 2826 Αἴγιναν,
1772 2748 1898 2819 νῆες

292 2830 531 2909 οἷριθμον
557 2832 690 2892 δέκα
715 2833 807 2890 καὶ
836 2831 1048 2892 εκατόν·
1078 2832 1396 2912 στρατηγὸς
1422 2833 1482 2890 δὲ
1510 2834 1603 2890 καὶ
1622 2831 1897 2911 ναύαρχος

292 2918 362 2994 ἦν
415 2920 754 2998 Λευτυχίδης
808 2919 840 2980 ὅ
894 2919 1198 2996 Μενάρεος,
1250 2945 1351 2979 του
1404 2919 1746 3001 Ἡγησίλεω,
1796 2923 1898 2978 τοῦ

289 3005 736 3082 Ἱπποκρατίδεω,
771 3011 872 3066 τοῦ
909 3008 1272 3087 Λευτυχίδεω,
1304 3011 1405 3067 τοῦ
1435 3007 1756 3077 Ἀναξίλεω,
1798 3009 1897 3065 τοῦ

290 3091 650 3170 Ἀρχιδήμου,
677 3097 778 3153 τοῦ
804 3093 1251 3171 Ἀναξανδρίδεω,
1277 3099 1380 3154 τοῦ
1412 3095 1768 3170 Θεοπόμπου,
1795 3097 1897 3151 τοῦ

292 3179 624 3256 Νικάνδρου,
650 3185 750 3241 τοῦ
789 3183 1104 3258 Χαρίλλου,
1132 3185 1235 3243 τοῦ
1267 3180 1542 3259 Εὐνόμου,
1569 3184 1671 3241 τοῦ
1706 3183 1893 3239 Πολυ-

293 3263 525 3334 δέκτεος,
551 3272 652 3327 τοῦ
689 3269 1015 3345 Πρυτάνιος,
1055 3274 1157 3328 τοῦ
1192 3268 1582 3345 Εὐρυφῶντος,
1616 3271 1717 3328 τοῦ
1744 3273 1897 3343 Προ-

2212 2343 2219 2358 ι

2226 2249 2239 2372 >fib—⁴
