2259 3500
330 139 637 209 'mo-123]
961 136 1335 188 noA‘fflmA.
1858 140 1950 191 167

264 254 277 263 ·
353 222 457 281 θου
484 218 588 279 ὧδε
612 218 946 301 τεταγμένος
970 218 1004 279 ὁ
1030 219 1273 294 στρατὸς
1299 222 1360 277 ἐκ
1389 218 1674 295 Δορίσκου
1695 217 1802 294 τὴν
1821 218 1952 279 ὁδὸν

355 308 619 367 ἐποιέετο·
660 312 809 385 τρεῖς
848 308 1048 385 μοίρας
1083 306 1116 366 ὁ
1157 307 1370 383 Ξέρξης
1417 306 1730 383 δασάμενος
1768 305 1953 366 πάντα

353 395 453 455 τόν
478 396 649 467 πεζόν
674 394 935 472 στρατόν,
959 396 1097 471 μίαν
1121 393 1327 453 αὐτέων
1353 394 1508 465 ἔταξε
1543 394 1696 471 παροὶ
1737 393 1953 454 θάλασ·

356 508 468 542 σαν
504 483 641 542 ἰέναι
668 482 811 559 ὁμοῦ
836 488 913 561 τῷ
938 484 1190 560 ναυτικῷ·
1231 481 1434 558 ταύτης
1459 484 1564 559 μὲν
1590 482 1658 557 δή
1686 481 1955 559 ἐστρατή-

354 595 486 651 γεον
512 568 829 647 Μαρδόνιός
854 596 917 630 τε
945 570 1039 629 καὶ
1065 570 1392 646 Μασίστης·
1421 570 1578 647 ἑτέρη
1605 569 1665 656 δὲ
1692 570 1955 651 τεταγμέ-

356 682 425 733 νη
457 656 547 733 ἥῖε
574 661 677 717 τοῦ
717 660 965 735 στρατοῦ
1002 657 1325 734 τριτημορὶς
1353 656 1459 733 τήν
1497 656 1827 738 μεσόγαιαν,
1854 660 1958 732 τῆς

360 744 733 825 ἐστρατήγεον
779 745 1224 823 Τριτανταίχμης
1274 768 1337 804 τε
1392 746 1484 803 καὶ
1530 745 1746 825 Γέργις·
1799 744 1838 820 ἦ
1892 744 1954 803 δὲ

358 831 519 908 τρίτη
557 836 669 891 τῶν
704 832 955 910 μοιρέων,
982 832 1101 909 μετ’
1128 830 1198 907 ἧς
1226 831 1518 909 ἐπορεύετο
1558 831 1722 896 ada-‹35-
1763 832 1794 892 ὁ
1821 834 1954 909 Ξέρ-

361 918 474 994 ξης,
500 918 588 995 ἥῖε
625 922 731 997 μὲν
767 920 834 980 τό
874 922 1053 996 μέσον
1088 918 1310 990 αὐτέων,
1339 919 1688 1002 στρατηγοῦς
1719 920 1778 979 δὲ
1817 920 1956 997 παρ’·

362 1006 543 1085 είχετο
570 1007 957 1085 Σμερδομένεά
992 1033 1057 1067 τε
1095 1008 1190 1067 καὶ
1215 1007 1578 1089 Μεγάβυζον.

438 1093 508 1153 ‘O
534 1096 642 1171 μέν
665 1120 763 1156 νυν
788 1094 1042 1159 ναυτικὸς
1068 1094 1311 1172 στρατός
1331 1095 1404 1159 ὥς
1427 1094 1628 1172 σῖπείθη
1653 1093 1764 1155 ὖπό
1781 1094 1916 1171 Ξέρ-
1935 1095 2050 1153 122

361 1182 481 1252 ξεω,
524 1183 617 1243 καὶ
660 1182 998 1253 διεξέπλωσε
1038 1183 1144 1258 τήν
1184 1182 1425 1262 διώρυχα
1456 1183 1560 1258 τήν
1603 1188 1662 1243 ἐν
1695 1186 1772 1263 τῷ
1801 1181 1956 1261 Ἀθῳ

366 1272 664 1351 γενομένην
698 1270 997 1357 διέχουσαν
1032 1272 1093 1330 δὲ
1128 1276 1184 1334 ἐς
1221 1270 1437 1330 κόλπον
1472 1276 1531 1331 ἓν
1567 1275 1646 1351 τῷ
1671 1269 1872 1330 'Ao-cm
1896 1294 1960 1331 τε

366 1358 527 1422 πόλις
564 1359 656 1418 καὶ
683 1360 945 1436 Πίλωρος
986 1358 1077 1418 καὶ
1105 1359 1312 1438 Σίγγος
1339 1359 1432 1417 καὶ
1460 1359 1648 1436 Σάρτη
1691 1360 1958 1434 οἴκηνται·

368 1447 629 1519 ἐνθεῦτεν,
657 1444 729 1509 ὦς
771 1447 863 1505 καὶ
906 1452 967 1506 ἐκ
1008 1446 1244 1505 τουτέων
1285 1450 1395 1506 τῶν
1434 1447 1646 1506 πολίων
1690 1446 1960 1523 στρατιὴν

365 1534 675 1609 παρέλαβε,
705 1534 869 1593 ἔπλεε
894 1533 1188 1611 ἀπιέμενος
1215 1538 1270 1596 ἐς
1294 1533 1394 1593 τὸν
1418 1537 1699 1611 Θερμαῖον
1726 1533 1956 1602 κόλπον,

368 1618 630 1696 κάμπτων
660 1620 720 1679 δὲ
746 1620 1043 1698 Ἄμπελον
1082 1621 1188 1695 τὴν
1212 1621 1528 1698 Τορωναίην
1567 1619 1757 1696 ἄκρην,
1784 1646 1959 1709 παρα·-

366 1708 599 1784 μείβετο
620 1706 957 1785 Ἑλληνίδας
993 1708 1170 1769 τάσδε
1207 1708 1376 1772 πόλις
1403 1713 1463 1770 ἐκ
1486 1710 1598 1768 τῶν
1633 1709 1758 1771 νέας
1779 1732 1844 1767 τε
1871 1706 1962 1767 καὶ

368 1796 639 1873 στρατιήν
669 1797 1095 1875 παρελάμβανε·
1136 1796 1408 1873 Τορώνην,
1437 1795 1724 1874 Γαληψὸν,
1754 1795 1962 1872 Σερμύ-

366 1888 490 1960 λην,
521 1883 917 1962 Μηκύβερναν,
942 1884 1248 1946 Ὄλυνθον·
1288 1884 1326 1960 ἦ
1352 1884 1458 1961 μέν
1494 1909 1590 1944 νυν
1628 1882 1784 1962 χώρη
1823 1883 1963 1960 αὕτη

369 1974 607 2048 Σιθωνίη
642 1973 919 2034 καλέεται.
1000 1972 1070 2032 ‘O
1098 1973 1158 2032 δὲ
1183 1972 1436 2036 ναυτικὰς
1461 1971 1704 2050 στρατὸς
1728 1970 1761 2030 ό
1788 1973 1920 2048 Ξέρ-
1943 1973 2054 2047 1123

370 2059 487 2130 ξεω,
542 2059 871 2137 συντάμνων
924 2060 1019 2120 ἀπ’
1066 2060 1358 2137 Ἀμπέλου
1410 2060 1582 2138 ἄκρης
1634 2059 1726 2118 ἐπὶ
1773 2059 1958 2119 Κανά-

370 2173 603 2225 στραιον
638 2147 827 2226 ἄκρην,
859 2149 926 2210 τό
964 2148 1033 2224 δή
1069 2147 1260 2224 πάσης
1297 2152 1398 2223 τῆς
1431 2146 1741 2224 Παλλήνης
1779 2147 1967 2227 οἷνέχει

370 2235 642 2310 μάλιστα,
685 2237 933 2297 ἐνθεῦτεν
975 2237 1101 2299 νέας
1141 2261 1202 2296 τε
1241 2237 1332 2295 καὶ
1369 2235 1638 2313 στρατιὴν
1678 2236 1966 2313 παρελάμ-

372 2323 515 2395 βανε
552 2329 612 2381 ἐκ
654 2323 971 2398 Ποτιδαίης,
1008 2324 1099 2381 καὶ
1123 2323 1406 2400 Ἀφύτιος,
1437 2324 1529 2383 καὶ
1554 2322 1967 2400 ΝέηςΠόλιος,

378 2408 469 2465 καὶ
506 2412 698 2488 Αἰγῆς,
733 2411 825 2468 καὶ
849 2410 1148 2487 Θεράμβω,
1177 2411 1268 2469 καὶ
1295 2410 1556 2486 Σκιώνης,
1595 2412 1688 2469 καὶ
1729 2411 1968 2486 Μένδης,

378 2494 470 2553 καὶ
510 2495 709 2572 Σάνης·
762 2495 925 2556 αὗται
964 2497 1073 2579 γάρ
1121 2503 1231 2559 εἰσι
1273 2503 1332 2558 αἱ
1371 2499 1478 2574 τὴν
1515 2503 1614 2559 νῦν
1655 2498 1971 2575 Παλλήνην

376 2581 645 2661 πρότερον
670 2585 729 2644 δὲ
754 2587 1013 2667 Φλέγρην
1038 2587 1380 2664 καλεομένην
1404 2587 1719 2665 νεμόμεναι.
1792 2613 1970 2664 παρα-

376 2671 563 2732 πλέων
603 2672 664 2732 δὲ
706 2674 799 2732 καὶ
832 2675 1039 2750 ταύτην
1070 2674 1175 2749 τήν
1209 2673 1397 2753 χώρην
1438 2675 1602 2734 ἔπλεε
1643 2680 1697 2738 ἐς
1731 2674 1797 2734 τό
1829 2700 1966 2750 προ-

378 2760 679 2837 ειρημένον,
737 2761 1200 2838 παραλαμβάνων
1259 2763 1529 2840 στρατιὴν
1593 2764 1684 2828 καὶ
1742 2766 1805 2821 ἐκ
1861 2765 1974 2822 τῶν

376 2847 700 2927 προσεχέων
740 2851 952 2908 πολίων
992 2853 1063 2927 τῇ
1106 2849 1408 2930 Παλλήνῃ,
1451 2849 1867 2927 ὁμουρεουσέων
1909 2849 1970 2907 δὲ

375 2938 453 3013 τῷ
476 2938 733 3016 Θερμαίῳ
774 2937 981 3016 κόλπῳ,
1021 2941 1160 3016 τῇσι
1197 2937 1478 3014 οὐνόματά
1518 2943 1641 2996 ε’στι
1680 2937 1832 2996 τάδε·
1872 2938 1971 2995 Αί-

375 3025 569 3094 παξος,
611 3023 939 3102 Κώμβρεια,
977 3026 1171 3095 Λίσαι,
1204 3027 1462 3106 Γίγωνος,
1498 3024 1734 3101 Κάμψα,
1765 3025 1971 3100 Σμίλα,

375 3111 584 3170 Αἴνεια·
640 3111 677 3189 ἠ
722 3113 781 3172 δὲ
820 3115 1055 3173 τουτέων
1098 3113 1254 3191 χώρη
1277 3113 1606 3189 “Κροσσαίη
1655 3112 1734 3169 ἔτι
1781 3112 1872 3169 καὶ
1919 3116 1974 3174 ἐς

374 3197 501 3259 τόδε
546 3201 817 3263 καλέεται.
902 3200 1015 3260 άπὸ
1058 3199 1116 3258 δὲ
1159 3201 1393 3275 Αἰνείης,
1437 3203 1493 3260 ἐς
1535 3197 1638 3272 τὴν
1681 3197 1976 3258 ἐτελεύτων

376 3289 699 3372 καταλέγων
728 3290 829 3358 τὰς
863 3289 1049 3358 πόλις,
1077 3286 1190 3348 οἷπό
1229 3287 1434 3363 ταύτης
1471 3283 1580 3362 ἤδη
1621 3290 1676 3349 ἐς
1708 3285 1876 3346 αὐτόν
1912 3311 1978 3348 τε
