2259 3500
729 501 1433 574 ‘HPOAOTOY

567 709 1087 779 ἸΣΤΟΡΙΩΝ
1178 714 1569 779 ΟΓΔΟΗ.

979 886 1179 913 -μ-

897 1015 1260 1069 ΟΥΡΑΝΙΑ.

262 1132 291 1189 1
409 1138 489 1189 ΟῙ
518 1131 576 1190 δὲ
601 1130 892 1205 Ἑλλήνων
928 1135 984 1195 ἔς
1016 1131 1116 1191 τὰν
1142 1134 1398 1194 ναυτικόν
1423 1132 1670 1210 στρατόν
1693 1132 1924 1212 ταχθέν-

326 1242 417 1279 τες
473 1216 623 1293 ἦσαν
684 1216 816 1275 οἵδε·
877 1216 1165 1293 Ἀθηναῖοι
1209 1222 1330 1296 μὲν,
1377 1222 1502 1283 νέας
1554 1219 1927 1298 παρεχόμενοι

329 1303 470 1363 ἑπτὰ
509 1306 601 1363 καὶ
642 1306 822 1364 εἴκοσι
861 1306 954 1363 καὶ
987 1306 1201 1367 ἑκατόν·
1241 1306 1351 1368 §rra
1392 1308 1452 1367 δὲ
1492 1306 1693 1384 οῗρετῆς
1728 1333 1793 1366 τε
1833 1308 1926 1366 καὶ

331 1394 643 1469 προθυμίης
675 1394 1004 1463 Πλαταιέες,
1047 1394 1266 1471 ἄπειροι
1298 1400 1400 1471 τῆς
1434 1399 1690 1469 ναυτικῆς
1728 1394 1923 1468 ἐόντες,

330 1480 718 1558 συνεπλήρουν
751 1485 905 1541 τοῖσι
936 1480 1285 1557 Ἀθηναίοισι
1322 1482 1425 1546 τὰς
1449 1483 1593 1545 νέας·
1637 1482 1925 1558 Κορίνθιοι

329 1566 391 1627 δὲ
407 1568 820 1645 τεσσεράκοντα
835 1570 960 1633 νέας
975 1571 1329 1648 παρείχοντο·
1350 1570 1638 1650 Μεγαρέες
1653 1569 1711 1628 δὲ
1729 1570 1923 1628 εἴκοσι·

332 1658 424 1716 καὶ
450 1657 755 1720 Χαλκιδέες
775 1657 1054 1734 ἐπλήρουν
1081 1659 1275 1731 εἴκοσι,
1304 1658 1609 1734 Ἀθηναίων
1629 1663 1741 1733 σφι
1760 1682 1925 1735 παρε-

329 1743 543 1824 χόντων
567 1744 667 1809 τὰς
691 1746 833 1808 νέας·
872 1749 1165 1826 Αἰγινῆται
1197 1746 1255 1805 δὲ
1292 1745 1681 1805 ὀκτωκαίδεκα·
1725 1743 1925 1810 Σικυώ-

331 1859 441 1893 νιοι
468 1834 528 1893 δὲ
554 1834 810 1893 δυώδεκα·
852 1833 1281 1908 Λακεδαιμόνιοι
1307 1833 1366 1892 δὲ
1393 1833 1543 1893 δέκα·
1582 1832 1926 1909 Ἐπιδαύριοι

329 1922 390 1980 δὲ
429 1921 593 1982 ὀκτώ·
639 1921 940 1998 Ἐρετριέες
979 1921 1039 1979 δὲ
1080 1920 1237 1980 ἑπτά·
1293 1920 1605 1998 Τροιζήνιοι
1646 1921 1705 1980 δὲ
1743 1921 1925 1981 πέντε·

338 2011 569 2086 Στυρέες
610 2011 668 2069 δὲ
709 2008 825 2068 δύο·
868 2009 961 2067 καὶ
1002 2011 1164 2067 Κεῖοι
1204 2007 1303 2069 δύο
1342 2035 1404 2068 τε
1443 2011 1567 2071 νέας
1608 2008 1699 2067 καὶ
1732 2011 1925 2085 πέντη-

332 2098 618 2173 κοντέρους
645 2095 760 2155 δύο·
797 2096 1009 2170 Λοκροὶ
1038 2096 1100 2154 δέ
1134 2101 1247 2171 σφι
1283 2098 1337 2155 οἳ
1370 2095 1691 2156 Ὀπούντιοι
1718 2095 1928 2171 ἐπεβώ-

334 2184 479 2252 θεον,
507 2185 959 2262 πεντεκοντέρους
985 2184 1204 2262 ἔχοντες
1231 2183 1387 2244 ἑπτά.

263 2274 299 2329 2
393 2268 595 2330 Ἠσαν
633 2273 738 2347 μὲν
779 2268 852 2331 ὧν
889 2268 1043 2331 οὗτοι
1079 2275 1132 2330 οἱ
1159 2271 1589 2350 στρατευόμενοι
1620 2271 1707 2331 ἐπ’
1740 2271 1929 2349 Ἀρτε-

330 2357 544 2433 μίσιον·
575 2360 784 2436 εἴρηται
804 2359 866 2418 δέ
882 2385 982 2436 μοι
1009 2359 1101 2418 καὶ
1128 2359 1200 2422 ὥς
1226 2359 1292 2419 τό
1317 2360 1539 2435 πλῆθος
1568 2360 1795 2418 ἔκαστοι
1820 2363 1929 2418 τῶν

331 2449 468 2505 νεῶν
517 2448 871 2525 παρείχοντο·
924 2446 1160 2524 σ’,ριθμός
1213 2447 1271 2506 δὲ
1322 2451 1432 2506 τῶν
1478 2446 1930 2524 συλλεχθεισέων

333 2537 467 2594 νεῶν
495 2533 578 2593 ἐπ’
617 2534 974 2611 Ἀρτεμίσιον
1009 2533 1094 2610 ἦν,
1123 2535 1305 2611 πάρεξ
1337 2538 1447 2594 τῶν
1471 2533 1925 2610 πεντηκοντέρων,

332 2622 437 2697 μία
465 2621 555 2680 καὶ
581 2621 968 2698 ἑβδομήκοντα
994 2622 1085 2680 καὶ
1112 2621 1410 2697 διηκόσιαι.
1481 2620 1580 2682 τὸν
1607 2621 1667 2680 δὲ
1692 2644 1931 2697 στρατη-

332 2707 439 2790 γόν
487 2708 588 2770 τὸν
636 2710 702 2769 τό
753 2710 1026 2790 μέγιστον
1079 2709 1279 2787 κράτος
1338 2710 1537 2788 ἔχοντα
1598 2708 1931 2786 παρείχοντο

339 2798 700 2874 Σπαρτιῆται,
742 2797 1098 2873 Εὐρυβιάδεα
1139 2796 1239 2857 τὸν
1279 2796 1676 2873 Εὐρυκλείδεω.
1725 2798 1778 2854 οἱ
1822 2793 1933 2875 γὰρ

336 2883 631 2963 σύμμαχοι
663 2883 762 2943 οὐκ
799 2886 1039 2960 ἔφασαν,
1071 2883 1142 2960 ἢν
1179 2884 1260 2960 μὴ
1302 2883 1333 2944 ὁ
1374 2883 1576 2944 Λάκων
1605 2882 1933 2964 ἡγεμονεύῃ,

336 2969 686 3048 Ἀθηναίοισι
728 2972 966 3049 ἕψεσθαι
1003 2971 1378 3052 ἡγεομένοισι,
1422 2970 1578 3030 ἀλλὰ
1617 2971 1816 3031 λύσειν
1867 2967 1934 3028 τὰ

269 3060 304 3116 3
331 3059 549 3134 μέλλον
600 3061 835 3120 ἔσεσθαι
893 3058 1234 3135 στράτευμα.
1342 3059 1599 3140 Ἐγένετο
1652 3056 1763 3139 γὰρ
1818 3055 1935 3115 κατ’

337 3144 515 3224 ἅρχάς
555 3147 742 3228 λόγος,
785 3148 917 3225 πρὶν
955 3146 992 3223 ἢ
1035 3148 1127 3207 καὶ
1162 3153 1216 3210 ἐς
1254 3147 1515 3222 Σικελίην
1557 3147 1796 3222 πέμπειν
1845 3144 1935 3202 ἐπὶ

339 3236 682 3313 συμμαχίην,
728 3235 799 3299 ὦς
842 3234 909 3296 τὸ
951 3235 1206 3295 ναυτικὸν
1245 3233 1596 3310 Ἀθηναίοισι
1636 3230 1805 3309 χρεόν
1853 3229 1936 3304 εἴη
