2259 3500
325 96 599 157 107-109]
1006 94 1233 145 nmmo.
1817 92 1916 144 103

318 202 381 237 τε
407 175 656 252 οἰκέομεν
682 174 775 246 καὶ
802 172 933 250 ὖμῖν
970 171 1159 248 τοιήδε
1189 198 1274 237 τις
1306 165 1508 254 γένοιτ’
1533 172 1604 235 ἂν
1633 174 1915 251 ἐπικουρίη

321 263 528 343 ψυχρή·
573 263 812 339 φθαίητε
837 260 949 341 γάρ
977 258 1043 319 ἂν
1070 260 1352 325 πολλάκις
1391 261 1918 339 ἐξανδραποδισθέν-

320 378 411 415 τες
436 350 472 427 ἦ
498 378 623 411 τινα
649 350 928 409 πυθέσθαι
953 347 1156 424 ἦμέων·
1200 348 1668 427 συμβουλεύομεν
1695 350 1754 407 δὲ
1787 348 1918 425 ὑμῖν

322 439 569 498 δοῦναι”
536 439 705 516 υμέας
732 463 928 499 αυτους
962 434 1330 511 Ἀθηναίοισι,
1357 437 1817 515 πλησιοχώροισί
1849 460 1914 495 τε

323 526 558 603 οἷνδράσι
602 527 693 585 καὶ
738 525 1024 601 τιμωρέειν
1072 528 1232 585 ἐοῦσι
1277 551 1342 583 ου
1387 529 1626 584 κακοῖσι.
1739 529 1918 585 ταῦτα

323 614 735 691 συνεβούλευον
788 615 842 671 οἱ
893 611 1338 688 Λακεδαιμόνιοι,
1393 611 1458 673 οὗ
1510 602 1650 672 κατοὶ
1705 612 1920 689 εὐνοίην

325 702 463 762 οὕτω
504 707 612 761 τῶν
636 700 985 808 Πλαταιέων,
1016 698 1087 762 ὥς
1124 699 1471 777 βουλόμενοι
1503 700 1632 762 τοῦς
1664 699 1920 776 Ἀθηναί-

326 816 419 852 ους
456 792 600 868 ἔχειν
640 789 839 851 πόνους
881 790 1262 850 συνεστεῶτας
1297 792 1612 849 Βοιωτοῖσι·
1653 788 1920 846 Λακεδαι-

324 877 508 953 μόνιοι
533 878 637 953 μέν
662 902 758 937 νυν
787 878 1144 935 Πλαταιεῦσι
1182 880 1360 935 ταῦτα
1395 874 1825 951 συνεβουλευον·
1868 899 1922 932 οι

326 964 385 1023 δὲ
428 964 526 1025 οῦκ
568 964 910 1040 ἠπίστησαν,
957 962 1089 1021 ἀλλ’
1130 962 1440 1038 Ἀθηναίων
1454 1016 1466 1029 ,
1487 962 1578 1039 {pot
1623 961 1923 1021 ποιεύντων

326 1056 477 1112 τοῖσι
508 1052 713 1111 δώδεκα
742 1053 939 1125 θεοῖσι,
975 1052 1150 1111 ἱκέται
1192 1051 1430 1128 ἱζόμενοι
1471 1052 1562 1111 ἐπὶ
1601 1051 1699 1112 τὸν
1723 1048 1923 1126 βωμὸν

329 1141 582 1201 ἐδίδοσαν
610 1142 794 1216 σφέας
818 1139 1035 1202 αὐτούς·
1063 1141 1310 1216 Θηβαῖοι
1337 1140 1395 1198 δὲ
1421 1139 1724 1216 πυθόμενοι
1747 1142 1926 1197 ταῦτα

329 1229 725 1306 ἐστρατεύοντο
760 1228 851 1303 ἐπὶ
886 1226 1015 1290 τοῦς
1041 1227 1380 1297 Πλαταιέας,
1406 1225 1694 1303 Ἀθηναῖοι
1727 1227 1789 1285 δέ
1813 1233 1926 1302 σφι

330 1317 617 1392 ἐβοήθεον·
658 1315 985 1393 μελλόντων
1028 1315 1090 1373 δὲ
1132 1314 1434 1375 συνάπτειν
1474 1315 1680 1395 μάχην,
1725 1315 1925 1392 Κορίν-

330 1403 440 1462 θιοι
468 1403 531 1463 οὗ
560 1404 855 1479 περιεῖδον·
900 1402 1314 1481 παρατυχόντες
1340 1404 1400 1461 δὲ
1427 1404 1518 1461 καὶ
1545 1402 1926 1472 καταλλάξαν-

330 1516 419 1552 τες
460 1489 865 1568 ἐπιτρεψάντων
908 1491 1255 1567 ἀμφοτέρων,
1300 1488 1533 1567 οὔρισαν
1586 1490 1690 1565 τήν
1741 1490 1928 1568 χώρην

333 1577 424 1635 ἐπὶ
462 1578 671 1635 τοῖσδε·
716 1582 809 1636 ἐᾶν
836 1578 1123 1651 Θηβαίους
1151 1581 1408 1636 Βοιωτῶν
1447 1577 1575 1639 τούς
1610 1576 1690 1652 μή
1717 1578 1927 1651 βουλο-

329 1664 529 1740 μένους
556 1669 608 1727 ἐς
628 1665 902 1727 Βοιωτοΰς
927 1666 1156 1725 τελέειν.
1213 1664 1505 1740 Κορίνθιοι
1530 1667 1633 1740 μὲν
1658 1663 1726 1739 δὴ
1749 1668 1928 1723 ταῦτα

330 1751 554 1834 γνόντες
573 1752 1044 1814 ἀπαλλάσσοντο·
1084 1753 1436 1829 Ἀθηναίοισι
1463 1752 1524 1810 δὲ
1549 1751 1782 1811 ἀπιοῦσι
1808 1757 1928 1810 ἐπε-

333 1841 571 1916 θήκαντο
593 1842 845 1910 Βοιωτοὶ,
871 1843 1184 1919 ἐπιθέμενοι
1209 1841 1269 1900 δὲ
1298 1838 1636 1916 ἑσσώθησαν
1659 1843 1732 1918 τῇ
1751 1837 1926 1917 μάχῃ·

332 1927 673 2004 ὖπερβάντες
702 1929 760 1988 δὲ
788 1932 841 1988 οἶ
869 1927 1158 2003 Ἀθηναῖοι
1183 1928 1312 1992 τούς
1339 1931 1392 1987 οἱ
1411 1928 1701 2004 Κορίνθιοι
1729 1927 1930 2004 ἔθηκαν

332 2020 685 2076 Πλαταιεῦσι
732 2016 871 2076 εἶναι
922 2014 1132 2092 οὔρους,
1177 2015 1406 2078 τούτους
1446 2013 1790 2092 ὑπερβάντες
1829 2015 1928 2076 τὸν

331 2097 590 2164 Ἀσωπὸν
634 2104 804 2164 αὐτὸν
850 2102 1190 2178 ἐποιήσαντο
1233 2102 1397 2180 οὖρον
1437 2103 1748 2179 Θηβαίοισι
1793 2103 1934 2180 πρὸς

331 2194 652 2254 Πλαταιέας
682 2191 820 2251 εἶναι
843 2192 936 2251 καὶ
960 2190 1172 2254 Ὑσιάς.
1243 2191 1444 2250 ἔδοσαν
1468 2193 1573 2268 μὲν
1599 2191 1666 2266 δή
1697 2194 1749 2250 οἱ
1771 2195 1932 2250 Πλα-

331 2280 505 2342 ταιέες
527 2280 711 2354 σφέα-ς
732 2279 931 2342 αὐτοῦς
956 2277 1308 2353 Ἀθηναίοισι
1333 2276 1520 2358 τρόπῳ
1546 2282 1624 2356 τῷ
1651 2279 1930 2358 εἰρημένῳ·

332 2363 470 2440 ἧκον
512 2365 569 2422 δὲ
608 2365 735 2424 τότε
781 2370 835 2428 ἐς
875 2367 1198 2442 Μαραθῶνα
1237 2366 1590 2441 βοηθέοντες.

416 2455 582 2510 Τοῖσι
609 2453 667 2510 δὲ
691 2451 999 2528 Ἀθηναίων
1020 2457 1394 2533 στρατηγοῖσι
1415 2454 1660 2534 ἐγίνοντο
1689 2454 1818 2533 δίχα
1839 2457 1896 2512 αἱ
1915 2455 2028 2512 109

333 2541 567 2619 γνῶμαι,
594 2545 703 2600 τῶν
740 2543 843 2618 μὲν
884 2541 983 2600 οὐκ
1026 2540 1235 2600 ἐώντων
1282 2540 1662 2617 συμβάλλειν·
1711 2540 1937 2622 ὀλίγους

333 2626 445 2705 γάρ
494 2627 633 2686 εἶναι
675 2633 914 2706 στρατιῇ
952 2633 1024 2706 τῇ
1066 2629 1278 2703 Μήδων
1319 2628 1688 2704 συμβαλέειν·
1736 2633 1847 2688 τῶν
1879 2629 1938 2687 δὲ

336 2713 430 2770 καὶ
467 2715 787 2774 Μιλτιάδεω
826 2715 1181 2777 κελευόντων·
1230 2715 1300 2780 ὦς
1337 2716 1398 2776 δὲ
1427 2716 1560 2796 δίχα
1594 2741 1657 2776 τε
1693 2716 1940 2796 ἐγίνοντο

336 2801 430 2860 καὶ
473 2802 623 2860 ἐνίκα
662 2802 699 2878 ἦ
738 2804 937 2882 χείρων
974 2807 1085 2864 τῶν
1123 2805 1398 2884 γνωμέων,
1435 2805 1686 2872 ἐνθαῦτα,
1721 2802 1792 2879 ἦν
1829 2802 1942 2882 γσῖρ

338 2888 629 2952 ἑνδέκατος·
642 2891 1039 2967 ψηφιδοφόρος
1060 2890 1093 2950 ὅ
1112 2895 1190 2969 τῷ
1209 2891 1400 2970 κυάμῳ
1425 2891 1618 2969 λαχῶν
1634 2890 1942 2964 Ἀθηναίων

336 2979 766 3056 πολεμαρχέειν·
806 2978 875 3038 vd
908 2979 1156 3038 παλαιόν
1186 2980 1322 3085 γὰρῆ
1323 2978 1612 3053 Ἀθηναῖοι
1637 2976 1942 3054 ὁμόψηφον

336 3063 435 3123 τὸν
487 3067 855 3145 πολέμαρχον
902 3070 1184 3126 ἐποιεῦντο
1230 3069 1384 3126 τοῖσι
1431 3087 1819 3142 στρατηγοισι,
1873 3062 1943 3136 ἦν

337 3151 397 3210 δὲ
435 3152 565 3213 τότε
597 3155 963 3232 πολέμαρχος
1000 3153 1379 3231 Καλλιμαχος
1408 3149 1750 3225 Ἀφιδναῖος·
1805 3147 1946 3224 πρός

332 3245 535 3308 τοῦτον
572 3241 755 3305 ἐλθων
794 3241 1113 3315 Μιλτιάδης
1154 3242 1312 3318 ἔλεγε
1351 3237 1500 3297 τάδε·
1542 3245 1579 3270 “
1596 3239 1654 3296 ἐν
1693 3235 1792 3295 σοὶ
1831 3238 1944 3304 νῦν,
