2259 3500
303 107 402 154 330
566 125 588 150 .
919 100 1289 151 ἩΡοΔοτοτ
1776 99 1907 164 [1x.

304 184 365 244 δὲ
404 186 518 244 πᾶν
562 181 630 242 τὰ
683 180 930 242 ἐναντίον
973 182 1077 240 τοῦ
1126 178 1623 259 προστεταγμένου
1674 175 1913 252 ἐποίεον,

305 271 488 336 ἄλλας
531 297 596 332 τε
635 268 1039 350 κατηγεόμενοί
1071 275 1187 345 σφι
1224 266 1387 331 ὅδοῦς
1427 265 1706 348 φεύγουσι
1744 267 1803 327 αἳ
1842 268 1914 344 δὴ

306 361 510 437 ἔφερον
557 364 613 421 ἐς
664 357 794 420 τοῦς
846 357 1167 434 πολεμίους,
1225 355 1318 414 καὶ
1369 356 1534 418 τέλος
1588 354 1752 414 αὐτοί
1798 361 1915 431 σφι

307 447 557 528 ἐγίνοντο
623 446 922 507 κτείνοντες
987 435 1419 521 πολεμιώτατοι.
1502 441 1644 502 οὕτω
1710 443 1780 519 δὴ
1844 444 1914 505 τὸ

307 534 562 611 δεύτερον
586 532 764 608 Ἰωνίη
790 531 903 592 ἀπὸ
933 533 1203 609 Περσέων
1228 530 1471 606 ἀπέστη.
1865 529 1877 538 ”

218 625 329 682 105
428 621 528 680 Ἑν
571 620 632 680 δὲ
676 619 851 698 ταύτῃ
892 623 965 698 τῇ
1019 619 1178 698 μα’χῃ
1229 618 1521 692 Ἑλλήνων
1570 617 1917 694 ἠρίστευσαν

306 709 613 786 Ἀθηναῖοι·
689 708 780 768 καὶ
817 707 1141 784 Ἀθηναίων,
1182 706 1531 786 Ἑρμόλυκος
1570 704 1602 765 ὅ
1643 705 1914 777 Εὐθύνου,

307 796 449 875 ἀνὴρ
485 795 832 878 παγκράτιον
867 794 1217 871 ἐπασκήσας·
1257 797 1457 854 τοῦτον
1488 793 1547 852 δὲ
1578 792 1678 853 τὸν
1712 793 1915 870 Ἑρμό·

307 890 480 946 λυκον
533 885 817 961 κατέλαβε
869 881 1110 959 ὕστερον
1162 881 1387 951 τούτων,
1427 881 1683 956 πολέμου
1729 881 1915 945 ἐόντος

305 972 664 1050 Ἀθηναίοισί
709 997 772 1032 τε
835 971 928 1030 καὶ
987 970 1381 1048 Καρυστίοισι,
1448 973 1509 1028 ἐν
1562 967 1761 1047 Κύρνῳ
1811 972 1917 1044 τῆς

309 1062 636 1138 Καρυστίης
658 1058 842 1139 χώρης
882 1056 1240 1118 ἀποθανόντα
1280 1061 1339 1115 ἐν
1368 1055 1543 1135 μα’χῃ,
1573 1056 1797 1116 κεῖσθαι
1820 1057 1915 1115 ἐπὶ

309 1150 614 1225 Γεραιστῷ·
655 1145 798 1220 μετὰ
835 1145 894 1204 δὲ
924 1144 1269 1220 Ἀθηναίους,
1313 1144 1603 1221 Κορίνθιοι
1630 1143 1724 1202 καὶ
1753 1149 1913 1221 Τροι-

311 1234 486 1310 ζήνιοι
511 1234 605 1292 καὶ
633 1231 921 1297 Σικυώνιοι
945 1230 1308 1308 ἠρίστευσαν.

218 1324 332 1383 106
429 1320 593 1380 Ἐπεί
652 1345 716 1380 τε
769 1319 828 1378 δὲ
882 1317 1301 1399 κατεργάσαντο
1354 1320 1409 1377 οἱ
1456 1316 1735 1394 ’Έλληνες
1784 1319 1916 1383 τοῦς

311 1408 579 1479 πολλοῦς,
601 1406 728 1472 τοῦς
746 1409 850 1485 μὲν
868 1407 1223 1484 μαχομένους
1245 1404 1380 1469 τοῦς
1406 1405 1466 1464 δὲ
1491 1405 1585 1466 καὶ
1604 1405 1915 1486 φεύγοντας

307 1501 419 1558 τῶν
455 1496 785 1574 βαρβάρων,
824 1494 926 1558 ταῖς
963 1495 1088 1557 νέας
1130 1494 1443 1570 ἐνέπρησαν
1490 1493 1584 1552 καὶ
1622 1494 1689 1553 τό
1728 1497 1916 1572 τεῖχος

309 1583 476 1653 ἅπαν,
518 1583 622 1660 τήν
661 1584 828 1660 ληΐην
867 1578 1347 1662 προεξαγαγόντες
1388 1584 1444 1642 ἐς
1480 1579 1581 1640 τᾶν
1632 1581 1913 1661 αἰγιαλόν·

313 1673 405 1731 καὶ
437 1670 750 1748 θησαυρούς
781 1696 936 1734 τινας
970 1668 1271 1748 χρημάτων
1307 1666 1485 1745 εὗρον·
1528 1667 1917 1745 ἐμπρήσαντες

312 1761 372 1819 δὲ
396 1761 464 1822 vd
489 1764 674 1840 τεῖχος
700 1759 792 1818 καὶ
816 1757 917 1821 ταῖς
937 1759 1060 1820 νέας
1080 1756 1385 1815 ἀπέπλεον.
1432 1755 1759 1833 ἀπικόμενοι
1778 1756 1839 1815 δὲ
1858 1762 1917 1821 ἐς

314 1847 509 1925 Σάμον
529 1851 584 1907 οἱ
597 1847 892 1923 Ἕλληνες,
911 1844 1285 1922 ἐβουλεύοντο
1305 1844 1433 1921 περὶ
1452 1842 1797 1907 ἀναστάσιος
1814 1847 1917 1920 τῆς

309 1934 534 2012 Ἰωνίης,
561 1935 654 1994 καὶ
679 1933 792 2009 ὅπη
817 1931 986 2011 χρεόν
1022 1933 1105 2007 εἴη
1137 1935 1241 2006 τῆς
1268 1930 1547 1993 Ἑλλάδος
1580 1932 1914 2001 κατοικίσαι,

312 2027 412 2098 τῆς
450 2023 608 2083 αὐτοὶ
647 2020 935 2102 ἐγκρατέες
973 2017 1142 2093 ἦσαν·
1209 2017 1313 2093 τήν
1353 2017 1413 2077 δὲ
1446 2016 1657 2093 Ἰωνίην
1694 2017 1917 2078 ἀπεῖναι

310 2114 465 2169 τοῖσι
488 2108 863 2186 βαρβάροισι·
904 2105 1174 2165 ἀδύνατον
1204 2104 1315 2186 γὰρ
1352 2105 1611 2181 ἐφαίνετό
1624 2112 1751 2182 σφι
1776 2106 1917 2166 εἶναι

315 2196 546 2259 ἑωυτούς
595 2220 658 2255 τε
707 2192 902 2253 Ἰώνων
953 2193 1346 2270 προκατῆσθαι
1400 2193 1775 2270 φρουρέοντας
1815 2192 1917 2253 τόν

313 2282 496 2342 πάντα
519 2281 742 2360 χρόνον·
784 2281 874 2340 καὶ
901 2284 1112 2340 ἑωυτῶν
1136 2280 1218 2357 μή
1248 2280 1693 2357 προκατημένων,
1720 2280 1917 2344 Ἴωνας

315 2369 574 2447 οὐδεμίαν
598 2369 801 2429 ἐλπίδα
829 2370 982 2449 εἶχον
1007 2370 1306 2446 χαίροντας
1346 2366 1488 2445 πρὸς
1512 2372 1622 2428 τῶν
1648 2369 1917 2445 Περσέων

313 2456 681 2527 ἀπαλλάξειν.
763 2458 904 2535 πρὸς
926 2460 1104 2517 ταῦτα
1135 2455 1611 2530 Πελοποννησίων
1635 2458 1739 2533 μὲν
1762 2460 1917 2515 τοῖσι

317 2550 375 2605 ἐν
418 2546 571 2605 τέλεϊ
611 2549 768 2605 ἐοῦσι
809 2544 990 2604 ἐδόκεε
1029 2546 1140 2603 τῶν
1179 2540 1532 2619 μηδισάντων
1571 2542 1770 2603 ἐθνέων
1806 2546 1917 2602 τῶν

311 2632 660 2709 Ἑλληνικῶν
684 2632 756 2693 τσῖ
784 2632 1024 2709 ἐμπόρια
1066 2628 1571 2704 ἐξαναστήσαντας,
1598 2628 1789 2689 δοῦναι
1813 2628 1919 2704 τήν

311 2721 500 2799 χώρην
538 2719 702 2779 Ἴωσι
757 2722 1062 2793 ἐνοικῆσαι·
1102 2717 1454 2791 Ἀθηναίοισι
1495 2716 1553 2775 δὲ
1594 2716 1693 2775 οὐκ
1734 2716 1917 2777 ἐδόκεε

314 2807 511 2886 ἀρχὴν,
546 2806 758 2882 Ἰωνίην
789 2805 1056 2886 γενέσθαι
1091 2802 1427 2872 ἀνάστατον,
1461 2802 1587 2862 οὐδὲ
1624 2807 1917 2863 Πελοπον-

313 2895 566 2970 νησίοισι
611 2894 740 2970 περὶ
777 2897 888 2953 τῶν
929 2891 1221 2967 σφετέρων
1266 2889 1557 2949 α’ποικιέων
1601 2890 1919 2965 βουλεύειν·

313 2979 722 3041 ἐπιτεινόντων
757 2979 820 3039 δὲ
849 2978 1057 3040 τούτων
1095 2975 1411 3053 προθύμως,
1450 2976 1603 3045 εἶξαν
1638 2980 1695 3035 οἱ
1732 2981 1919 3037 Πελο-

313 3067 627 3141 ποννήσιοι·
677 3067 769 3125 καὶ
804 3065 945 3126 οὕτω
981 3064 1050 3138 δὴ
1088 3062 1334 3139 Σαμίους
1371 3087 1434 3122 τε
1474 3063 1568 3122 καὶ
1608 3063 1783 3127 Χίους
1822 3065 1920 3123 καὶ

313 3154 604 3230 Λεσβίους
655 3154 746 3211 καὶ
803 3152 932 3215 τούς
991 3149 1205 3212 ἄλλους
1265 3147 1553 3225 νησιώτας,
1608 3149 1663 3209 οἳ
1720 3151 1923 3230 ἔτυχον

317 3238 824 3316 συστρατευόμενοι
864 3241 1020 3299 τοῖσι
1039 3236 1315 3311 Ἕλλησι,
1356 3240 1413 3299 ἐς
1448 3235 1516 3296 τό
1554 3237 1919 3318 συμμαχικόν

1596 3367 1619 3385 0
