2259 3500
337 136 553 211 26-30]
963 146 1335 198 ΠΟΛΥΜΝΙΑ.
1831 152 1930 199 135

335 254 424 287 τοι
474 229 741 305 ἀτρεκέως
791 229 1093 299 καταλέξω·
1150 232 1275 289 ἐπεί
1311 254 1375 290 τε
1419 228 1528 311 γὰρ
1555 229 1818 309 -τάχιστά
1859 256 1932 291 σε

336 315 621 391 ἐπυθόμην
657 317 747 375 ἐπὶ
790 316 1093 377 θάλασσαν
1137 319 1548 394 καταβαίνοντα
1588 316 1692 393 τήν
1723 317 1928 393 Ἐλλη-

335 404 472 472 νίδα,
514 402 863 480 βουλόμενός
898 430 987 463 τοι
1028 405 1220 464 δοῦναι
1266 410 1320 467 ἐς
1360 406 1460 465 τὸν
1502 406 1753 481 πόλεμον
1794 404 1930 483 χρή-

332 515 499 566 ματα,
546 491 828 569 ἐξέμαθον,
882 492 973 549 καὶ
1026 489 1186 569 εὗρον
1239 491 1612 573 λογιζόμενος,
1663 492 1928 572 ἀργυρίου

330 580 435 653 μὲν
460 578 559 637 δύο
583 578 841 658 χιλιάδας
882 578 1082 642 ἐούσας
1120 605 1220 656 μοι
1257 578 1559 652 ταλάντων,
1590 581 1828 657 χρυσίου
1869 580 1928 639 δὲ

330 658 694 742 τετρακοσίας
732 666 1001 742 μυριάδας
1041 666 1332 743 στατήρων
1359 671 1656 743 Δαρεικῶν,
1689 666 1929 727 ἐπιδεού-

332 777 440 815 σας
465 751 605 811 {vm-o)
630 753 944 833 χιλιαδέων.
1008 754 1099 812 καὶ
1124 753 1382 813 τούτοισί
1405 778 1473 811 σε
1503 753 1610 834 ἐγῶ
1637 753 1926 830 δωρέομαι·

332 838 476 917 αὐτῷ
510 838 556 897 δ’
584 839 707 917 ἐμοὶ
744 838 857 899 οἷπὸ
888 839 1247 918 ἀνδραπόδων
1281 865 1345 900 τε
1381 840 1473 899 καὶ
1498 840 1807 921 γεωπεδίων
1834 841 1928 917 ἅρ-

331 926 467 985 κέων
508 928 632 986 ἐστὶ
673 925 855 1004 βίος.”
934 928 1003 986 ‘0
1047 930 1150 1004 μὲν
1189 932 1366 987 ταῦτα
1407 928 1583 1007 ἔλεγε·
1626 928 1835 1004 Ξέρξης
1867 928 1926 987 δὲ
1943 930 2018 987 29

328 1011 523 1086 ἡσθεὶς
565 1019 717 1073 τοῖσι
763 1014 1118 1092 εἰρημένοισι,
1164 1014 1306 1072 εἷπε·
1363 1025 1399 1051 “
1416 1014 1558 1083 ξεῖνε
1605 1015 1767 1084 Λυδὲ,
1817 1014 1924 1094 ἐγῶ

330 1103 453 1160 ἐπεί
487 1128 549 1162 τε
592 1103 831 1177 ἐξῆλθον
870 1102 975 1177 τήν
1007 1102 1262 1178 Περσίδα
1304 1102 1505 1181 χώρην,
1549 1101 1728 1163 οὐδενὶ
1769 1102 1926 1179 ἀνδρὶ

328 1191 597 1265 συνέμιξα
634 1195 689 1253 ἐς
732 1190 874 1263 τοδε,
922 1189 1079 1253 ὅστις
1122 1188 1378 1265 ἠθέλησε
1425 1190 1596 1259 ξείνια
1637 1191 1924 1267 προθεῖναι

328 1282 549 1357 στρατῷ
576 1283 655 1357 τῷ
690 1283 816 1356 ἐμῷ,
847 1276 971 1336 οὐδὲ
1012 1276 1170 1341 ὅστις
1211 1282 1265 1340 ἐς
1305 1277 1436 1355 ὄψιν
1461 1278 1564 1353 τήν
1592 1278 1730 1355 ἐμήν
1759 1305 1922 1337 κατα-

328 1365 466 1429 στὰς
508 1365 957 1446 αὐτεπάγγελτος
994 1370 1049 1428 ἐς
1081 1365 1183 1424 τόν
1219 1365 1471 1441 πόλεμον
1514 1366 1637 1443 ἐμοὶ
1673 1365 1923 1442 ἠθέλησε

328 1454 732 1529 συμβαλέσθαι
758 1452 1033 1531 χρήματα,
1057 1453 1158 1521 ἔξω
1185 1456 1306 1511 σεῦ·
1347 1452 1422 1511 m>
1449 1453 1510 1511 δὲ
1537 1454 1626 1511 καὶ
1654 1454 1922 1522 ἐξείνισας

325 1540 583 1619 μεγάλως
629 1540 873 1618 στρατὸν
912 1539 1013 1599 τᾶν
1055 1540 1205 1615 ἐμὸν,
1252 1540 1342 1597 καὶ
1388 1540 1652 1619 χρήματα
1697 1541 1922 1622 μεγάλα

327 1630 721 1707 ἐπαγγέλλεαι.
803 1628 901 1687 σοὶ
929 1626 1001 1687 ὦν
1028 1625 1135 1707 ἐγῶ
1163 1626 1285 1685 ἀντὶ
1319 1626 1496 1685 αὐτῶν
1534 1628 1700 1708 γέρεα
1734 1628 1920 1687 τοιάδε

326 1713 537 1792 δίδωμι·
580 1715 757 1786 ξεῖνόν
792 1716 857 1776 τέ
878 1739 949 1774 σε
971 1719 1234 1791 ποιεῦμαι
1261 1713 1394 1790 ἐμὸν
1422 1714 1512 1772 καὶ
1538 1713 1637 1777 τσῖς
1661 1738 1919 1791 τετρακο-

326 1804 454 1865 σίας
492 1803 761 1880 μυριάδας
801 1829 889 1862 τοι
935 1807 1043 1862 τῶν
1090 1802 1382 1879 στατήρων
1429 1801 1746 1877 ἀποπλήσω
1788 1801 1918 1879 παρ’

325 1895 613 1967 ἐμεωυτοῦ,
642 1891 769 1954 δοῦς
802 1890 901 1954 τὰς
936 1889 1076 1949 ἑπτὰ
1111 1890 1386 1967 χιλιάδας·
1432 1890 1520 1950 ἵνα
1555 1889 1636 1965 μή
1675 1915 1762 1948 τοι
1805 1895 1918 1948 ἐπι-

324 1979 467 2042 δεέες
498 1980 628 2039 ἔωσι
660 1982 719 2038 αἱ
752 1977 1110 2056 τετρακόσιαι
1141 1977 1398 2055 μυριάδες
1433 1977 1572 2037 ἐτι-τοὶ
1603 1977 1913 2056 χιλιαδέων,

323 2064 453 2125 ἀλλ’
479 2065 517 2146 ᾖ
546 2095 635 2128 τοι
676 2066 1051 2146 ἀπαρτιλογίη
1087 2064 1180 2124 ὕπ’
1208 2066 1337 2141 ἐμέο
1365 2066 1788 2142 πεπληρωμένη·
1833 2067 1916 2124 κέ·-

324 2153 502 2229 κτησό
525 2181 588 2214 τε
616 2155 780 2218 αὖτός
818 2152 890 2214 τά
929 2179 1035 2230 περ
1070 2151 1235 2216 αὐτὸς
1262 2152 1520 2227 ἐκτήσαο,
1550 2152 1831 2212 ἐπίστασό
1854 2181 1918 2213 τε

325 2239 463 2300 εἶναι
493 2245 598 2302 αἰεὶ
637 2247 906 2304 τοιοῦτος·
950 2240 1013 2300 οὗ
1053 2240 1164 2322 γάρ
1204 2266 1292 2300 τοι
1316 2245 1492 2300 ταῦτα
1516 2244 1762 2301 ποιεῦντι
1791 2240 1916 2300 οὔτε

326 2333 380 2390 ἐς
403 2328 467 2387 τὸ
494 2329 701 2406 παρεόν
729 2329 855 2388 οὔτε
882 2334 936 2390 ἐς
960 2328 1164 2407 χρόνον
1189 2326 1622 2405 μεταμελήσει.”

402 2419 591 2473 Ταῦτα
630 2415 689 2473 δὲ
730 2415 887 2478 εἶπας
926 2417 1016 2473 καὶ
1056 2418 1314 2479 ἐπιτελέα
1338 2416 1596 2490 ποιήσας,
1626 2415 1915 2493 ἐπορεύετο
1932 2420 2010 2477 30

324 2501 431 2558 αἰεὶ
454 2500 520 2560 vd
548 2501 763 2578 πρόσω.
835 2500 1059 2562 Ἀναυα.
1080 2504 1140 2562 δὲ
1168 2504 1510 2578 καλεομένην
1544 2506 1776 2584 Φρυγῶν
1815 2503 1916 2564 πό-

322 2591 417 2648 λιν
456 2589 955 2668 παραμειβόμενος,
984 2591 1077 2649 καὶ
1107 2592 1312 2667 λίμνην
1338 2595 1399 2648 ἐκ
1432 2593 1532 2666 τῆς
1564 2591 1698 2652 ἅλες
1736 2595 1916 2671 γίνον-

321 2701 431 2746 ται,
458 2675 685 2736 ἀπίκετο
717 2683 771 2740 ἐς
798 2677 1127 2747 Κολοσσὰς,
1169 2678 1339 2739 πόλιν
1375 2677 1630 2758 μεγάλην
1657 2678 1913 2756 Φρυγίης,

324 2769 382 2824 ἐν
405 2769 477 2843 τῇ
496 2763 678 2828 Λύκος
697 2764 947 2841 ποταμὸς
968 2770 1023 2828 ἐς
1046 2764 1250 2844 χάσμα
1275 2770 1380 2846 γῆς
1407 2765 1711 2842 ἐσβάλλων
1737 2762 1914 2838 ἄφαν-

323 2853 510 2922 ίζεται,
540 2852 726 2912 ἔπειτα
753 2853 843 2912 διοὶ
868 2853 1108 2913 σταδίων
1137 2852 1207 2916 ῶς
1226 2855 1390 2912 πέντε
1409 2852 1664 2929 μάλιστά
1693 2877 1760 2926 κη
1787 2850 1928 2910 ἀνα-κ

323 2938 656 3015 φαινόμενος
688 2941 890 2999 ἐκδιδοῖ
919 2941 1010 2998 καὶ
1036 2939 1197 3003 οὗτος
1225 2946 1280 3004 ἐς
1301 2940 1400 3000 τᾶν
1427 2939 1769 3016 Μαίανδρον.
1853 2944 1913 2997 ἐκ

322 3025 381 3084 δὲ
396 3029 748 3088 Κολοσσέων
774 3027 1115 3105 ὁρμεῶμενος
1137 3027 1168 3087 ὅ
1198 3029 1438 3106 στρατός
1458 3028 1549 3086 ἐπὶ
1573 3027 1701 3088 τούς
1722 3025 1916 3103 οὔρους

318 3119 427 3175 τῶν
468 3119 699 3197 Φρυγῶν
744 3117 836 3175 καὶ
875 3121 983 3176 τῶν
1024 3117 1236 3186 Λυδῶν,
1279 3115 1508 3174 οἷπίκετο
1551 3120 1606 3176 ἐς
1649 3113 1915 3190 Κύδραρα

317 3202 504 3264 πόλιν·
550 3205 681 3265 ἔνθα
706 3199 895 3281 στήλη
923 3207 1358 3284 καταπεπηγυῖα,
1387 3203 1666 3261 σταθεῖσα
1707 3200 1766 3258 δὲ
1803 3199 1914 3260 ὖπὸ

316 3294 589 3367 Κροίσου,
636 3290 971 3370 καταμηνύει
1014 3290 1105 3349 διὰ
1148 3286 1490 3371 γραμμάτων
1532 3285 1662 3350 τούς
1704 3286 1916 3364 οὔρους.
