2259 3500
350 148 569 215 ,ει-ὗε]
979 148 1350 198 ΠΟΛΤΜΝῙΑ.
1855 152 1949 199 145

348 226 531 309 πάρεξ
555 229 615 289 δὲ
640 228 855 299 τούτου,
884 234 943 289 ἐν
968 233 1039 307 τῇ
1063 229 1306 309 ἡμετέρῃ
1346 228 1756 293 καταλιπόντας
1785 229 1952 289 τέκνα

349 344 411 377 τε
454 319 546 377 καὶ
584 344 846 398 γυναικας
872 319 963 375 καὶ
990 317 1271 396 χρήματα,
1299 316 1414 377 οὐδ’
1441 318 1803 398 ἐπιλέγεσθαι
1837 342 1950 396 χρη

350 406 612 484 νεώτερόν
638 432 694 465 τι
719 404 993 481 ποιήσειν·
1036 433 1178 465 ουτω
1202 406 1344 483 μηδὲ
1369 411 1535 466 τοῦτο
1563 406 1778 517 φοβέο,
1796 405 1950 465 αλλα

351 493 604 570 θυμόν”
574 519 713 572 εχων
762 492 991 573 αἶγαθόν,
1035 495 1182 565 σῶζε
1227 493 1381 554 οἶκόν
1424 519 1487 553 τε
1532 519 1630 553 τον
1677 492 1812 569 ἐμόν
1859 494 1952 552 καὶ

348 582 641 659 τυραννίδα
672 580 777 657 τὴν
813 580 969 658 ἐμήν·
1010 583 1109 641 σοὶ
1148 581 1260 663 γαῖρ
1301 582 1409 663 ἐγὼ
1432 581 1616 660 μούνῳ
1643 586 1704 641 ἐκ
1728 581 1948 642 πάντων

349 672 612 746 σκῆπτρα
637 668 709 729 τσῖ
738 668 847 745 ἐμὰ
872 668 1206 746 ἐπιτράπω.”

430 760 617 816 Ταῦτα
658 758 815 820 εἴπας
841 756 933 815 καὶ
958 755 1314 835 Ἀρτάβανον
1353 755 1695 820 οἷποστειλας
1721 760 1777 820 ἐς
1803 760 1942 821 Σοῦ-
1963 760 2042 818 53

348 868 445 913 σα,
472 843 698 923 δεύτερα
721 845 1119 923 μετεπέμψατο
1145 845 1358 922 Ξέρξης
1383 846 1650 921 Περσέων
1690 844 1818 907 τούς
1858 844 1944 903 δο-

350 932 704 1007 κιμωτάτους·
747 934 867 993 ἐπεὶ
911 932 973 993 δέ
1015 936 1069 992 οἱ
1111 937 1393 1010 παρῆσαν,
1439 932 1601 1014 ἔλεγέ
1641 938 1754 1008 σφι
1794 932 1945 992 τάδε·

350 1024 386 1052 “
412 1014 456 1075 ὦ
412 1021 712 1097 ωΠέρσαι,
738 1018 952 1081 τῶνδ’
925 1046 1033 1103 εγω
990 1019 1238 1098 ωυμέων
1275 1020 1494 1100 χρῄζων
1535 1020 1825 1091 συνέλεξα,
1855 1018 1946 1081 ἇν-

348 1106 480 1184 δρας
514 1134 577 1169 τε
610 1110 868 1190 γίνεσθαι
907 1108 1167 1190 ἀγαθους,
1195 1110 1287 1168 καὶ
1325 1110 1408 1186 μή
1449 1108 1838 1188 καταισχύνειν
1873 1108 1949 1169 ταῖ

348 1195 597 1273 πρόσθεν
633 1196 953 1278 ἐργασμένα
980 1198 1260 1277 Πέρσῃσι,
1292 1197 1452 1259 ἐόντα
1489 1197 1714 1278 μεγάλα
1748 1222 1810 1257 τε
1847 1197 1941 1255 καὶ

348 1288 570 1345 πολλοῦ
608 1284 756 1355 ἄξια·
797 1284 928 1345 ἀλλ’
957 1285 1033 1350 εἷς
1057 1312 1119 1347 τε
1147 1287 1381 1351 ἕκαστος
1407 1288 1498 1346 καὶ
1535 1290 1589 1345 οἶ
1620 1286 1941 1363 σύμπαντες

348 1372 659 1450 προθυμίην
703 1374 930 1452 ἔχωμεν·
972 1373 1134 1445 ξυνόν
1178 1374 1288 1455 γοὶρ
1331 1378 1496 1435 τοῦτο
1539 1379 1684 1434 πᾶσι
1729 1366 1944 1455 ἀγαθᾶν

349 1459 669 1546 σπεύδεται.
741 1460 910 1521 τῶνδε
936 1461 995 1521 δὲ
1023 1462 1202 1523 εἵνεκα
1227 1461 1582 1543 προαγορεύω
1608 1460 1944 1540 ἀντέχεσθαι

349 1550 449 1604 τοῦ
482 1549 733 1625 πολέμου
774 1550 1152 1624 ἐντεταμένως·
1195 1548 1266 1612 αἷς
1289 1548 1399 1629 γὰρ
1427 1549 1535 1630 ἐγῶ
1575 1548 1940 1625 πυνθάνομαι,

350 1632 435 1691 ἐπ’
469 1632 667 1712 ἄνδρας
712 1636 1129 1713 στρατευόμεθα
1173 1635 1434 1717 ἀγαθούς·
1480 1640 1590 1696 τῶν
1633 1635 1701 1711 ἢν
1745 1635 1940 1712 κρατή-

348 1746 549 1799 σωμεν,
582 1722 645 1783 οὗ
678 1722 761 1800 μή
785 1749 867 1788 τις
892 1723 1028 1800 η’μῖν
1053 1724 1234 1788 α”λλος
1261 1723 1501 1802 στρατός
1537 1723 1773 1803 ἀντιστῇ
1815 1748 1941 1783 κοτε

347 1808 664 1888 ἀνθρώπων.
746 1815 843 1872 νῦν
879 1812 938 1871 δὲ
980 1813 1352 1890 διαβαίνωμεν
1392 1811 1751 1888 ἐπευξάμενοι
1789 1813 1943 1870 τοῖσι

347 1897 544 1971 θεοῖσι,
584 1901 675 1960 τοὶ
714 1902 972 1978 Περσίδα
1010 1905 1118 1982 γῆν
1158 1899 1528 1982 λελόγχασι.”

425 1987 643 2064 Ταύτην
682 1991 786 2066 μὲν
828 1989 931 2064 τὴν
970 1989 1183 2066 ἡμέρην
1219 1987 1706 2065 παρασκευάζοντο
1744 1991 1799 2050 ἐς
1837 1985 1940 2061 τὴν
1955 1988 2032 2048 54

344 2074 630 2151 διάβασιν·
670 2081 743 2154 τῇ
780 2077 841 2136 δὲ
875 2077 1141 2154 ὑστεραίῃ
1179 2076 1440 2154 ἀνέμενον
1479 2074 1578 2136 τόν
1615 2075 1795 2150 ἥλιον,
1823 2074 1938 2134 ἐθέ-

344 2167 533 2225 λοντες
562 2164 779 2223 ἰδέσθαι
805 2162 1125 2242 ἀνίσχοντα,
1153 2163 1471 2240 θυμιήματά
1496 2189 1559 2224 τε
1584 2167 1820 2222 παντοῖα
1847 2162 1939 2221 ἐπὶ

344 2252 451 2309 τῶν
488 2252 775 2330 γεφυρέων
801 2253 1183 2332 καταγίζοντες
1211 2252 1302 2310 καὶ
1327 2254 1633 2331 μυρσίνῃσι
1673 2249 1935 2327 στορνύν-

343 2361 434 2398 τες
470 2336 574 2412 τὴν
612 2338 760 2397 ὁδόν·
805 2337 873 2400 ὥς
900 2338 943 2396 δ’
973 2340 1306 2398 ἐπανέτελλε
1333 2339 1364 2399 ὁ
1391 2339 1565 2416 ἥλιος,
1595 2339 1847 2398 σπένδων
1873 2342 1934 2396 ἐκ

344 2425 586 2500 χρυσέης
629 2424 840 2500 φιάλης
882 2427 1091 2503 ’Ξέρξης
1137 2432 1192 2489 ἐς
1236 2427 1338 2502 τὴν
1381 2428 1700 2497 θάλασσαν,
1747 2425 1936 2505 εὔχετο

344 2509 484 2585 πρὸς
534 2509 631 2572 τὸν
682 2511 861 2588 ἥλων,
906 2513 1180 2591 μηδεμίαν
1233 2519 1288 2574 οἱ
1333 2516 1637 2595 συντυχίην
1675 2514 1936 2590 τοιαύτην

343 2596 606 2676 γενέσθαι
640 2599 677 2676 ἦ
716 2627 813 2676 μιν
851 2601 1057 2661 παύσει
1098 2604 1598 2681 καταστρέψασθαι
1622 2603 1725 2678 τήν
1751 2601 1935 2678 Εὐρώ-

343 2710 456 2767 πην
492 2688 761 2766 πρότερον
786 2689 822 2765 ἢ
849 2690 941 2750 ἐπὶ
979 2691 1222 2768 τέρμασι
1259 2695 1411 2750 τοῖσι
1452 2692 1658 2768 ἐκείνης
1690 2691 1934 2771 γένηται·

345 2772 639 2851 ευξαμενος
681 2778 757 2848 δε,
801 2779 1049 2855 ἐσέβαλε
1088 2778 1194 2854 τήν
1237 2779 1452 2856 φιάλην
1493 2785 1550 2844 ἐς
1589 2804 1691 2838 τον
1729 2775 1932 2851 Ελλή-

343 2887 591 2923 σποντον
634 2865 727 2924 καὶ
758 2866 1003 2945 χρύσεον
1040 2870 1288 2944 κρητῆρα
1323 2868 1414 2926 καὶ
1455 2865 1741 2944 Περσικὸν
1773 2865 1936 2939 ξίφος

346 2948 439 3010 ’τᾶν
481 2950 745 3028 οἷκινακην
788 2955 1074 3014 καλέουσι.
1156 2959 1332 3014 ταῦτα
1379 2981 1478 3014 ουκ
1521 2981 1628 3034 εχω
1671 2952 1935 3030 ἀτρεκέως

342 3036 631 3116 διακρῖναι,
666 3039 791 3100 οὔτε
834 3046 881 3101 εἶ
920 3046 997 3121 τῷ
1037 3042 1180 3121 ἦλίῳ
1222 3041 1497 3105 α’νατιθεὶς
1534 3045 1735 3117 κατῆκε
1778 3045 1832 3102 ἐς
1866 3037 1932 3098 τό

340 3126 606 3209 πέλαγος,
640 3126 763 3188 οὔτε
808 3132 855 3188 εἰ
893 3130 1246 3207 μετεμέλησέ
1281 3133 1334 3189 οἱ
1367 3130 1466 3190 τὸν
1503 3126 1936 3203 Ἑλλήσποντον

338 3216 766 3297 μαστιγώσαντι
792 3219 884 3276 καὶ
910 3217 1034 3278 ἀντὶ
1057 3217 1266 3277 τούτων
1290 3217 1395 3293 τὴν
1421 3216 1721 3276 θάλασσαν
1748 3215 1932 3292 ἐδωρέ-

340 3326 451 3364 ετο.
535 3305 632 3368 Ὡς
678 3306 738 3365 δὲ
782 3304 961 3366 ταῦτα’.
1006 3308 1062 3365 οἱ
1108 3305 1424 3378 ἐπεποίητο,
1465 3304 1746 3379 διέβαινον
1793 3302 1932 3364 καταῖ
1947 3305 1982 3363 5
