2259 3500
349 147 568 212 ιιι-37]
1023 143 1252 192 Eum.
1888 141 1949 194 ⁷1

347 229 412 294 ἃς
439 228 508 288 ἄν
533 229 719 302 σφεας
743 226 1010 287 ἀπιόντας
1035 228 1096 283 ἐκ
1122 227 1225 284 τοῦ
1252 225 1375 301 ἶροῦ
1400 226 1619 299 πρῶτος
1648 222 1742 280 ἐπὶ
1782 221 1955 290 ξείνια

351 318 591 394 καλέσῃ·
634 313 806 376 ἰόντες
847 312 906 372 δὲ
951 315 1003 371 οἶ
1047 311 1335 392 Δόλογκοι
1370 309 1477 386 τὴν
1522 309 1645 387 ἶρῆν
1688 308 1821 370 ὁδὸν
1862 309 1955 370 διὰ

349 405 582 463 Φωκέων
605 427 670 462 τε
695 401 788 459 καὶ
813 405 1072 460 Βοιωτῶν
1097 399 1289 474 ἤϊσαν·
1330 399 1429 458 καί
1459 404 1646 474 σφεας
1682 396 1751 461 ὥς
1780 396 1955 461 οὐδεὶς

351 491 561 562 ἐκάλεε,
615 488 984 566 ἐκτρέπονται
1039 487 1124 548 ἐπ’
1176 486 1474 562 Ἀθηνέων.
1554 484 1652 545 Ἐν
1705 486 1764 546 δὲ
1816 490 1955 565 τῇσι
1971 488 2048 546 35

347 578 622 658 Ἀθήνῃσι
651 581 954 653 τηνικαῦτα
996 577 1110 655 εἶχε
1151 577 1255 652 μὲν
1288 575 1355 634 τό
1381 579 1497 634 πᾶν
1524 573 1723 650 κράτος
1749 575 1949 634 Πεισί-

348 691 604 743 στρατος,
632 663 774 741 οἶτοὶρ
803 663 1132 724 ἐδυνάστευε
1167 664 1261 721 καὶ
1278 660 1593 736 Μιλτιάδης
1619 660 1651 720 ὁ
1678 661 1951 738 Κυψέλου

349 753 474 813 ε’ῶν
500 753 675 829 οἰκίης
720 751 1231 829 τεθριπποτρόφου,
1276 749 1351 810 ru*-
1397 751 1501 826 μὲν
1547 747 1811 823 ἀνέκαθεν
1858 747 1954 808 ἀπ’
1996 773 2007 786 ·

348 843 561 900 Αἰακοῦ
600 866 663 900 τε
700 840 792 900 καὶ
817 841 1049 921 Αἰγίνης
1071 838 1319 920 γεγονῶς
1342 837 1415 898 ταῖ
1442 836 1501 896 δὲ
1527 835 1765 913 νεώτερα
1788 834 1954 912 Ἀθη-

347 932 518 998 ναῖος,
545 928 782 988 Φιλαίου
825 933 927 988 τοῦ
954 928 1191 991 Αἴαντος
1231 925 1430 989 παιδός
1463 926 1763 1006 γενομένου
1804 923 1950 1000 πρό·

345 1041 447 1076 του
481 1019 583 1092 τῆς
623 1017 796 1092 οἰκίης
819 1015 1026 1091 ταύτης
1049 1015 1369 1091 Ἀθηναίου.
1453 1011 1615 1076 οὗτος
1640 1012 1673 1072 ὁ
1700 1011 1943 1073 Μιλτιά·

346 1104 442 1180 8ης
485 1105 790 1181 κατήμενος
838 1109 896 1164 ἐν
936 1107 1091 1164 τοῖσι
1145 1102 1481 1181 προθύροισι
1526 1104 1678 1162 τοῖσι
1726 1103 1946 1170 ἑωυτοῦ,

346 1191 516 1268 ὁρέων
529 1193 660 1256 τούς
677 1192 1002 1273 Δολόγκους
1019 1191 1323 1268 παριόντας
1348 1191 1563 1265 ἐσθῆτα
1591 1189 1819 1267 ἔχοντας
1844 1187 1946 1248 οὐκ

347 1283 616 1361 ἐγχωρίην
643 1281 736 1340 καὶ
763 1280 985 1359 αἰχμᾶς,
1011 1279 1453 1357 προσεβώσατο·
1496 1277 1593 1336 καί
1620 1283 1735 1353 σφι
1769 1303 1949 1354 προσ-

348 1369 583 1428 ελθοῦσι
615 1369 992 1448 ἐπηγγείλατο
1029 1366 1363 1447 καταγωγὴν
1404 1366 1497 1426 καὶ
1536 1366 1728 1435 ξείνια.
1812 1368 1867 1424 οἱ
1891 1365 1952 1426 δὲ

348 1454 634 1532 δεξάμενοι
661 1457 752 1513 καὶ
778 1455 1142 1523 ξεινισθέντες
1166 1453 1261 1513 ὕπ’
1288 1452 1475 1524 αὐτοῦ,
1504 1453 1795 1528 ἐξέφαινον
1834 1455 1950 1512 πᾶν

351 1543 404 1598 οῖ
429 1540 495 1600 τό
520 1539 806 1617 μαντήϊον·
850 1541 1187 1619 ἐκφήναντες
1224 1542 1283 1600 δὲ
1310 1542 1527 1602 ἐδέοντο
1554 1539 1712 1600 αὐτοὶ
1737 1544 1815 1620 τῷ
1842 1540 1949 1618 θεῷ

347 1653 446 1704 μιν
469 1629 784 1687 πείθεσθαι.
860 1630 1178 1689 Μιλτιάδεα
1204 1630 1264 1688 δὲ
1288 1628 1609 1688 ἀκούσαντα
1632 1627 1948 1705 παραυτίκα

349 1716 539 1775 ἔπεισε
566 1714 606 1775 ἆ
625 1715 814 1796 λόγος,
843 1716 934 1775 οἷα
973 1715 1289 1795 ἀχθόμενόν
1327 1742 1391 1778 τε
1424 1720 1497 1795 τῇ
1523 1715 1948 1792 Πεισιστράτου

348 1803 500 1883 α’,ρχῇ
546 1804 638 1863 καὶ
682 1803 1037 1882 βουλόμενον
1085 1811 1145 1865 ἐκ
1192 1806 1377 1865 ποδῶν
1426 1804 1583 1863 εἶναι·
1639 1802 1835 1863 αὐτίκα
1866 1803 1947 1863 -δὲ

347 1892 561 1970 ἐστάλη
603 1898 658 1955 ἐς
700 1893 965 1966 Δελφούς
1002 1893 1433 1970 ἐπειρησόμενος
1474 1892 1541 1953 τό
1584 1889 1947 1971 χρηστήριον,

347 1984 396 2040 εἶ
433 1981 624 2057 ποιοίη
665 1980 737 2040 τά
777 2007 884 2057 περ
922 1979 1090 2041 αὐτοῦ
1129 1984 1183 2040 οἱ
1220 1980 1506 2061 Δόλογκοι
1544 1979 1943 2057 προσεδέοντο;

348 2068 707 2146 Κελευούσης
743 2070 804 2129 δὲ
837 2070 929 2128 καὶ
961 2074 1064 2144 τῆς
1091 2068 1327 2145 Πυθίης,
1357 2068 1499 2130 οὕτω
1530 2067 1599 2144 δή
1630 2066 1945 2143 Μιλτιάδης
1962 2069 2038 2127 36

347 2154 378 2214 ὁ
417 2158 710 2234 Κυψέλου,
741 2156 1034 2233 Ὀλύμπια
1073 2156 1381 2233 οἷναιρηκώς
1424 2156 1695 2234 πρότερον
1736 2155 1943 2217 τούτων

344 2244 646 2325 τεθρίππῳ,
689 2245 820 2305 τότε
865 2244 1219 2322 παραλαβὼν
1264 2244 1573 2322 Ἀθηναίων
1618 2243 1801 2303 πάντα
1844 2244 1945 2305 τὸν

313 2332 320 2337 ’
345 2331 698 2407 βουλόμενον
738 2333 992 2410 μετέχειν
1027 2336 1128 2393 τοῦ
1169 2331 1401 2401 στόλου,
1434 2333 1599 2391 ἔπλεε
1640 2330 1760 2409 ἅμα
1790 2336 1945 2393 τοῖσι

348 2416 698 2499 Δολόγκοισι
725 2420 818 2477 καὶ
845 2420 980 2498 ἔσχε
1003 2420 1106 2495 τήν
1127 2419 1334 2500 χώρην·
1364 2420 1461 2479 καί
1474 2446 1573 2496 μιν
1592 2423 1647 2479 οἱ
1668 2419 1943 2501 ἐπαγαγό-

344 2529 504 2581 μενοι
543 2506 810 2584 τύραννον
853 2507 1291 2583 κατεστήσαντο.
1374 2507 1407 2567 ὅ
1460 2508 1519 2567 δὲ
1571 2512 1792 2584 πρῶτον
1838 2510 1941 2585 μὲν

346 2590 668 2673 ἀπετείχισε
695 2594 794 2655 τᾶν
835 2595 1042 2673 ἔσθμόν
1079 2600 1183 2673 τῆς
1208 2596 1581 2673 Χερσονήσου
1608 2600 1669 2655 ἐκ
1695 2597 1944 2671 Καρδίης

344 2680 544 2744 πόλιος
571 2687 625 2744 ἐς
641 2682 923 2758 Πακτύην,
947 2684 1036 2743 ἵνα
1059 2682 1143 2760 μή
1171 2684 1350 2762 ἔχοιέν
1376 2690 1562 2759 σφεας
1588 2686 1643 2743 οἱ
1660 2682 1943 2759 Ἀψίνθιοι

315 2792 327 2815 ·
344 2768 648 2843 δηλέεσθαι
675 2770 1061 2845 ἐσβάλλοντες
1088 2777 1143 2835 ἐς
1168 2771 1272 2846 τὴν
1297 2771 1503 2849 χώρην.
1567 2770 1678 2831 εἰσὶ
1704 2770 1763 2829 δὲ
1788 2767 1943 2829 οὗτοι

343 2854 566 2915 στάδιοι
598 2857 660 2942 ἔξ
688 2883 749 2917 τε
777 2858 868 2917 καὶ
893 2857 1191 2935 τριήκοντα
1216 2864 1317 2919 τοῦ
1346 2861 1574 2937 ἰσθμοῦ·
1614 2857 1727 2919 α’πό
1756 2857 1815 2915 δὲ
1840 2860 1941 2915 τοῦ

343 2942 552 3019 ἰσθμοῦ
587 2944 786 3005 τούτου
820 2946 858 3021 ἦ
885 2945 1251 3023 Χερσόνησος
1293 2948 1427 3006 εἴσω
1465 2946 1629 3007 πᾶσά
1656 2950 1777 3004 ἐστι
1805 2969 1941 3003 στα-

343 3030 471 3090 δίων
509 3032 688 3092 εἴκοσι
721 3034 814 3091 καὶ
848 3034 1222 3110 τετρακοσίων
1257 3034 1323 3093 τὸ
1348 3039 1545 3111 μῆκος.
1626 3032 1938 3109 Ἀποτειχί-
1957 3032 2035 3091 37

343 3144 450 3182 σας
487 3118 562 3181 ὦν
595 3121 694 3181 τόν
725 3120 944 3200 αὐχένα
982 3126 1083 3197 τῆς
1115 3122 1489 3200 Χερσονήσου
1529 3121 1563 3180 ὁ
1606 3117 1938 3193 Μιλτιάδης,

342 3208 432 3267 καὶ
475 3208 607 3273 τοῦς
637 3209 963 3288 Ἀψινθίους
993 3210 1183 3289 τρόπῳ
1217 3209 1447 3287 τοιούτῳ
1490 3207 1789 3284 ὠσάμενος,
1830 3211 1942 3267 τῶν

339 3298 554 3359 λοιπῶν
577 3298 858 3379 πρώτοισι
883 3298 1681 3374 ἐπολέμησεΛαμψακηνοῖο-ι·
1724 3293 1822 3351 καί
1840 3319 1939 3370 μιν
