2259 3500
325 133 608 199 112—118]
945 133 1321 185 ΚΑΛΛῙΟΠΗ.
1818 138 1915 186 335

319 218 432 275 τῶν
469 215 663 277 ἄλλων
698 218 808 276 τῶν
841 214 1187 293 περιοικίδων
1227 214 1319 274 καὶ
1352 211 1421 290 δὴ
1451 215 1545 275 καὶ
1577 219 1638 275 ἐκ
1670 216 1918 294 Καρδίης

321 304 522 368 πόλιος
553 303 851 381 Οἰόβαζος,
885 301 1026 380 οἷνῆρ
1054 304 1301 380 Πέρσης,
1330 303 1391 366 ὃς
1414 303 1487 364 τοὶ
1514 309 1575 362 ἐκ
1604 308 1715 364 τῶν
1744 311 1917 386 γεφυ-

319 394 458 473 ρέων
497 390 650 452 ὅπλα
690 393 926 452 ἐνθαῦτα
955 390 1026 466 ἦν
1061 390 1380 467 κεκομικώς·
1431 391 1583 470 εἶχον
1618 391 1678 450 δὲ
1710 391 1917 468 ταύτην

319 479 606 560 ἐπιχώριοι
637 480 882 548 Αἰολέες,
917 482 1175 554 συνῆσαν
1211 478 1270 537 δὲ
1304 479 1528 555 Πέρσαι
1568 506 1630 539 τε
1672 481 1765 538 καὶ
1806 485 1915 540 τῶν

314 567 510 629 Υἄλλων
540 567 856 647 συμμάχων
891 567 1098 646 συχνός
1130 567 1346 643 ὅμιλος.
1426 566 1780 644 Ἐτυράννευε
1816 569 1875 628 δὲ
1896 571 2007 628 116

314 656 516 716 τούτου
538 659 641 717 τοῦ
675 659 850 732 νομοῦ
877 655 1093 732 Ξέρξεω
1117 654 1369 734 ὕπαρχος
1390 654 1745 732 Ἀρταΰκτης,
1774 655 1913 734 ἀνὴρ

315 746 420 819 μὲν
448 746 692 821 Πέρσης,
723 741 899 806 δεινὸς
932 743 992 802 δὲ
1028 744 1121 803 καὶ
1147 742 1491 806 ἀτάσθαλος·
1534 743 1595 806 ἃς
1620 745 1713 802 καὶ
1736 746 1907 819 βασι-

315 831 424 890 λέα
478 831 779 892 ἐλαύνοντα
826 830 910 890 ἐπ’
961 830 1205 907 Ἀθήνας
1250 830 1582 908 ἐξηπάτησε,
1628 833 1699 892 vd
1753 839 1912 908 Πρω-

313 919 553 978 τεσίλεω
589 922 690 980 τοῦ
716 919 974 995 Ἰφίκλου
998 919 1263 998 χρήματα
1295 919 1358 988 ἐξ
1387 919 1743 984 Ἐλαιοῦντος
1778 919 1912 996 ὕφε-

315 1005 572 1083 λόμενος·
628 1012 688 1066 ἐν
728 1007 839 1087 γοῖρ
880 1006 1199 1068 Ἐλαιοῦντι
1228 1011 1329 1082 τῆς
1372 1007 1742 1085 Χερσονήσου
1785 1007 1910 1068 ἐστὶ

317 1095 690 1171 Πρωτεσίλεω
723 1095 906 1171 τάφος
934 1121 997 1154 τε
1033 1096 1124 1155 καὶ
1155 1096 1379 1173 τέμενος
1412 1096 1541 1173 περὶ
1571 1096 1751 1170 αὐτὸν,
1781 1097 1911 1157 ἔνθα

315 1181 384 1257 ἦν
408 1183 672 1262 χρήματα
696 1183 908 1253 πολλὰ,
931 1183 1022 1242 καὶ
1043 1182 1251 1258 φιάλαι
1269 1183 1505 1264 χρύσεαι
1522 1186 1612 1244 καὶ
1632 1183 1911 1266 ἀργύρεαι,

315 1271 407 1329 καὶ
447 1271 680 1350 χαλκὸς,
724 1271 815 1330 καὶ
869 1270 1058 1347 ἐσθὴς,
1103 1273 1196 1331 καὶ
1244 1271 1397 1330 ἄλλα
1438 1272 1783 1350 ἀναθήματα,
1834 1272 1907 1333 τοὶ

312 1357 652 1436 Ἀρταΰκτης
704 1359 971 1435 ἐσύλησε,
1011 1360 1291 1436 βασιλέος
1344 1359 1554 1424 δόντος·
1620 1362 1799 1442 λέγων
1850 1361 1912 1421 δὲ

311 1445 502 1504 τοιάδε
529 1447 738 1524 Ξέρξεα
769 1446 1090 1523 διεβάλετο·
1132 1457 1168 1482 “
1186 1447 1449 1520 δέσποτα,
1487 1449 1610 1508 ἔστι
1645 1447 1794 1511 οἶκος
1819 1449 1910 1508 οἶν-

315 1533 445 1608 δρὸς
458 1531 740 1610 Ἴῧλληνος
766 1535 1020 1606 ἐνθαῦτα,
1047 1536 1108 1599 ὃς
1132 1534 1225 1594 ἐπὶ
1250 1539 1361 1615 γῆν
1383 1534 1486 1610 τὴν
1512 1536 1623 1611 σήν
1648 1561 1909 1611 στρατευ-

314 1619 573 1696 σάμενος,
601 1622 753 1699 δίκης
779 1622 1025 1700 κυρήσας
1043 1622 1303 1682 ἀπέθανε·
1344 1621 1543 1682 τούτου
1566 1649 1667 1700 μοι
1694 1622 1789 1684 δὸς
1812 1622 1911 1683 τόν

319 1708 486 1780 οἶκον,
529 1709 618 1770 ἵνα
657 1711 754 1770 καί
783 1735 867 1774 τις
901 1711 1056 1791 μάθῃ
1093 1711 1185 1771 ἐπὶ
1216 1715 1324 1789 γῆν
1354 1710 1457 1786 τήν
1489 1709 1601 1787 σήν
1631 1710 1711 1789 μὴ
1739 1736 1909 1789 στρα-

319 1796 626 1858 τεύεσθαι·”
652 1803 828 1859 ταῦτα
853 1800 1048 1881 λέγων,
1079 1800 1342 1862 εὖπετέως
1367 1800 1571 1875 ἔμελλε
1588 1798 1911 1861 ἀναπείσειν

316 1884 524 1961 Ξέρξεα
549 1886 738 1948 δοῦναι
761 1886 962 1965 οἷνδρός
987 1889 1157 1957 οἶκον,
1184 1887 1341 1947 οὐδὲν
1362 1887 1785 1963 ὑποτοπηθέντα
1801 1891 1911 1948 τῶν

315 1976 520 2038 ἐκεῖνος
545 1975 792 2054 ἐφρόνεε·
828 1978 919 2035 ἐπὶ
944 1979 1054 2057 γῆν
1081 1976 1141 2035 δὲ
1157 1976 1261 2052 τὴν
1280 1975 1558 2053 βασιλέος
1576 1974 1911 2052 στρατεύεσ-

313 2062 408 2121 θαι
450 2067 854 2140 Πρωτεσίλεων
893 2066 1068 2145 ἔλεγε,
1107 2064 1276 2124 νοέων
1314 2062 1516 2123 τοιοίδε·
1570 2062 1672 2139 τὴν
1708 2063 1912 2139 Ἀσίην

312 2153 507 2211 πᾶσαν
539 2154 826 2229 νομίζουσι
863 2156 1074 2212 ἑωυτῶν
1108 2152 1245 2211 εἶναι
1280 2152 1518 2229 Πέρσαι,
1549 2152 1641 2209 καὶ
1670 2155 1771 2211 τοῦ
1802 2152 1909 2210 αἰεὶ

311 2238 738 2313 βασιλεύοντος·
781 2240 902 2297 ἐπεὶ
931 2240 992 2297 δὲ
1028 2239 1193 2315 ἐδόθη
1227 2238 1298 2298 τοὶ
1333 2239 1613 2316 χρήματα,
1642 2240 1704 2309 ἐξ
1725 2238 1913 2298 Ἐλαι-

314 2327 508 2388 οῦντος
535 2330 589 2387 ἐς
615 2325 842 2400 Σηστὸν
869 2325 1194 2401 ἐξεφόρησε,
1225 2326 1317 2383 καὶ
1340 2326 1405 2386 τό
1431 2328 1655 2404 τέμενος
1691 2328 1912 2405 ἔσπειρε

315 2412 407 2470 καὶ
443 2413 684 2489 ἐνέμετο·
727 2411 895 2475 αὐτός
927 2438 989 2471 τε
1025 2411 1163 2475 ὅκως
1200 2410 1454 2473 ἀπίκοιτο
1482 2419 1537 2477 ἐς
1560 2413 1909 2486 Ἐλαιοῦντα,

314 2504 372 2558 ἐν
396 2503 476 2578 τῷ
499 2499 680 2579 ἀδύτῳ
703 2500 921 2581 γυναιξὶ
947 2499 1233 2581 ἐμίσγετο.
1300 2500 1427 2561 τότε
1448 2502 1507 2559 δὲ
1524 2503 1910 2577 ἐπολιορκέετο

311 2586 424 2647 ὗπό
448 2585 769 2663 Ἀθηναίων,
800 2587 927 2649 οὔτε
951 2589 1477 2666 παρεσκευασμένος
1502 2592 1557 2650 ἐς
1582 2589 1912 2664 πολιορκίην

315 2672 442 2734 οὔτε
483 2676 926 2754 προσδεκόμενος
969 2678 1099 2741 τούς
1129 2677 1435 2752 Ἕλληνας·
1499 2675 1803 2755 ἀφυλάκτῳ
1852 2675 1914 2733 δέ

314 2787 419 2825 κως
438 2762 584 2842 αὐτῷ
598 2764 892 2824 ἐπέπεσον.
950 2764 1111 2824 Ἐπεὶ
1134 2766 1193 2824 δὲ
1218 2764 1744 2842 πολιορκεομένοισί
1759 2768 1871 2838 σφι
1891 2762 2004 2825 117

313 2849 670 2929 φθινόπωρον
709 2854 1008 2933 ἐπεγίνετο,
1053 2854 1145 2911 καὶ
1186 2852 1489 2932 ἤσχαλλον
1532 2854 1585 2910 οἱ
1625 2849 1911 2925 Ἀθηναῖοι

312 2935 426 2997 α’πό
457 2963 519 2998 τε
554 2942 656 3014 τῆς
693 2943 900 2999 ἑωυτῶν
935 2940 1341 3017 ἀποδημέοντες
1382 2940 1474 2998 καὶ
1516 2939 1580 2999 οὗ
1624 2937 1911 3014 δυνάμενοι

313 3024 524 3094 ἐξελεῖν
562 3026 628 3087 τὸ
669 3031 871 3107 τεῖχος,
910 3028 1126 3088 ἐδέοντό
1166 3054 1229 3088 τε
1268 3030 1379 3087 τῶν
1407 3029 1737 3105 στρατηγῶν
1774 3024 1911 3088 ὅκως

312 3112 582 3197 ἄπάγοιέν
625 3122 809 3191 σφεας
845 3114 1044 3186 ὀπίσω,
1090 3119 1145 3175 οἱ
1188 3115 1248 3173 δὲ
1292 3112 1391 3173 οὖκ
1432 3114 1669 3188 ἔφασαν,
1704 3112 1837 3189 πρὶν
1874 3110 1912 3189 ἢ

313 3202 550 3271 ἐξέλωσι
572 3202 611 3279 ἢ
629 3202 700 3265 τό
724 3202 1031 3281 Ἀθηναίων
1057 3203 1241 3265 κοινόν
1261 3206 1446 3277 σφεας
1462 3200 1912 3281 μεταπέμψηται·

312 3288 454 3352 οὕτω
479 3291 550 3369 δὴ
569 3291 836 3373 ἔστεργον
859 3290 932 3353 τὰ
958 3290 1255 3369 παρεόντα.
1342 3292 1422 3348 Οἴ
1442 3287 1489 3347 δ’
1516 3292 1575 3349 ἐν
1598 3293 1677 3369 τῷ
1701 3289 1875 3369 τείχεϊ
1892 3288 2007 3351 118

2224 3286 2231 3307 d
