2259 3500
329 117 390 160 64
954 107 1369 158 ·ΗΡοΔο·.ῑ·οῬ,-
1787 103 1930 168 [VI.

327 188 524 269 μάχων
565 186 996 267 μεμουνωμένοι,
1039 183 1437 248 διεκπλώοντες
1483 183 1841 264 ἐναυμάχεον,
1880 191 1937 252 ἐς

329 275 362 336 ὃ
385 281 497 337 τῶν
521 276 806 353 πολεμίων
842 273 1063 338 ἑλόντες
1089 273 1215 336 νέας
1242 273 1453 351 συχνὰς
1478 271 1779 349 ἀπέβαλον
1820 276 1934 335 τῶν

329 363 621 442 σφετέρων
641 367 776 424 νεῶν
796 362 898 426 τοὶς
922 365 1185 424 πλεῦνας.
1270 364 1404 421 Χῖοι
1429 363 1533 438 μὲν
1560 360 1627 436 δή
1654 365 1791 439 τῇσι
1818 366 1936 422 λοι-

236 455 309 513 16
328 457 474 530 πῇσι
498 456 608 512 τῶν
634 455 769 512 νεῶν
790 449 1183 532 ἀποφεύγουσι
1210 452 1265 513 ἐς
1282 448 1388 524 τὴν
1410 451 1641 509 ἑωυτῶν.
1696 449 1938 518 'oo-owe.

336 539 395 598 δὲ
429 543 540 600 τῶν
566 539 718 599 Χίων
757 537 1015 598 ἀδύνατοι
1051 536 1203 613 ἦσαν
1233 539 1291 596 αἶ
1318 536 1434 600 νέες
1466 536 1579 597 ὖπό
1619 538 1936 622 τρωμάτων,

330 625 487 688 οὗτοι
529 628 604 697 δὲ,
651 625 722 690 ὦς
765 625 1071 695 ἐδιώκοντο,
1111 623 1609 706 καταφυγγάνουσι
1650 622 1793 702 πρὸς
1834 627 1937 702 τήν

331 715 630 792 Μυκάλην.
713 716 839 778 νέας
876 717 980 792 μὲν
1021 713 1090 790 δή
1134 712 1305 773 αὐτοῦ
1344 711 1519 790 ταύτῃ
1554 714 1938 777 ἐποκείλαντες
1966 741 1984 756 ·

330 802 651 874 κατέλιπον,
692 807 745 864 οἱ
785 803 844 862 δὲ
883 802 1026 880 πεζῇ
1063 801 1383 878 ἐκομίζοντο
1421 800 1512 859 διοὶ
1552 805 1651 876 τῆς
1684 799 1936 879 ἠπείρου.

334 891 454 950 ἐπεὶ
491 892 550 951 δὲ
594 894 882 969 ἐσέβαλον
927 895 981 952 ἐς
1022 889 1128 965 τήν
1167 889 1444 964 Ἐφεσίην
1490 887 1844 970 κομιζόμενοι
1884 892 1939 948 οἱ

331 983 481 1054 Χῖοι,
511 979 705 1043 νυκτός
743 1006 805 1039 τε
845 977 1111 1038 ἀπικέατο
1156 981 1210 1040 ἐς
1252 975 1426 1053 αὐτὴν
1454 976 1547 1036 καὶ
1573 975 1771 1037 ἐόντων
1800 981 1938 1057 τῇσι

329 1068 549 1153 γυναιξὶ
591 1067 786 1127 αὐτόθι
829 1065 1244 1141 θεσμοφορίων·
1288 1065 1525 1125 ἐνθαῦτα
1566 1064 1635 1140 δή
1680 1068 1733 1124 οἷ
1772 1063 1937 1140 Ἐφέ-

331 1180 465 1228 σιοι,
497 1153 622 1215 οὔτε
650 1151 1061 1232 προακηκοότες
1087 1152 1161 1216 ὥς
1188 1153 1304 1232 εἶχε
1331 1153 1459 1230 περὶ
1483 1155 1594 1213 τῶν
1619 1154 1769 1212 Χίων
1798 1153 1934 1214 ἰδόν-

330 1267 422 1306 τες
449 1268 513 1302 τε
553 1242 800 1320 στρατόν
839 1245 894 1304 ἐς
933 1239 1040 1316 τήν
1075 1240 1266 1318 χώρην
1292 1239 1717 1318 ἐσβεβληκότα,
1742 1240 1938 1323 πάγχυ

333 1331 519 1404 σφέας
561 1329 960 1399 καταδόξαντες
1001 1327 1141 1387 εἶναι
1182 1332 1409 1393 κλῶπας
1438 1330 1529 1388 καὶ
1558 1330 1695 1389 ἰέναι
1722 1329 1813 1388 ἐπὶ
1837 1330 1938 1394 τοὶς

329 1421 612 1498 γυναῖκας,
661 1414 997 1493 ἐξεβοήθεον
1048 1416 1326 1493 πανδημεὶ
1379 1417 1473 1476 καὶ
1520 1416 1755 1476 ἔκτεινον
1805 1417 1938 1482 τούς

333 1507 528 1571 Χίους.

241 1593 312 1653 17
418 1591 592 1655 Οὗτοι
642 1593 748 1671 μέν
800 1619 897 1654 νυν
947 1591 1244 1672 τοιαύτῃσι
1297 1594 1660 1670 περιέπιπτον
1710 1592 1934 1672 τύχῃσι.

323 1682 632 1746 Διονύσιος
675 1682 733 1742 δὲ
765 1681 798 1744 ὅ
838 1680 1094 1746 Φωκαεῦς
1135 1681 1260 1740 ἐπεί
1287 1705 1351 1740 τε
1393 1680 1563 1757 ἔμαθε
1602 1686 1712 1740 τῶν
1739 1680 1938 1742 Ἰώνων

330 1771 401 1831 τοὶ
453 1772 758 1853 πρήγματα
813 1769 1208 1847 διεφθαρμένα,
1258 1770 1383 1833 νέας
1436 1768 1579 1828 ἑλῶν
1629 1771 1776 1846 τρεῖς
1826 1773 1938 1830 τῶν

332 1862 620 1938 πολεμίων
650 1858 914 1927 ἀπέπλεε,
945 1862 1000 1920 ἐς
1024 1860 1129 1935 μὲν
1154 1856 1413 1917 Φώκαιαν
1453 1854 1654 1926 οὐκέτι,
1684 1856 1743 1915 εὖ
1786 1858 1937 1921 εἰδὼς

332 1947 405 2011 ὥς
445 1948 892 2024 ἀνδραποδιεῖται
932 1944 1040 2005 σ-ὒν
1082 1949 1158 2025 τῇ
1201 1943 1355 2025 ἄλλῃ
1387 1944 1585 2023 Ἰωνίῃ·
1628 1943 1661 2003 ὅ
1697 1944 1756 2003 δὲ
1784 1945 1937 2009 ἰθέως

291 2068 300 2080 ·
335 2034 408 2096 ὥς
433 2034 550 2114 εἶχε
576 2034 756 2093 ἔπλωε
777 2038 831 2096 ἐς
858 2034 1137 2110 Φοινίκην·
1163 2034 1409 2114 γαῦλους
1428 2034 1488 2092 δὲ
1510 2033 1747 2093 ἐνθαῦτα
1772 2058 1936 2093 κατα-

333 2120 506 2184 δύσας
548 2122 636 2182 καὶ
669 2120 935 2201 χρήματα
973 2122 1179 2198 λαβών
1218 2120 1429 2195 πολλοὶ,
1469 2122 1650 2181 ἔπλωε
1690 2126 1745 2183 ἐς
1780 2122 1935 2185 Σικε-

333 2210 482 2283 λίην·
525 2208 874 2287 ὄρμειόμενος
913 2209 972 2268 δὲ
1013 2209 1266 2270 ἐνθεῦτεν
1308 2209 1549 2287 ληΐστής
1586 2209 1933 2285 κατεστήκεε,

331 2294 619 2372 Ἑλλήνων
656 2300 761 2374 μὲν
802 2296 1036 2367 οὖδενός,
1067 2298 1469 2377 Καρχηδονίων
1498 2298 1558 2358 δὲ
1602 2298 1693 2357 καὶ
1718 2303 1935 2374 Τυρση-

333 2408 459 2443 νων.

242 2474 317 2532 18
420 2474 494 2531 Οἱ
530 2472 589 2531 δὲ
624 2472 847 2549 Πέρσαι
891 2473 1015 2533 ἐπεί
1051 2498 1114 2534 τε
1154 2476 1227 2552 τῇ
1267 2474 1547 2553 ναυμαχίῃ
1588 2474 1776 2534 ἐνίκων
1807 2473 1937 2539 τούς

321 2558 533 2629 Ἴωνας,
560 2558 664 2636 τὴν
697 2562 961 2636 Μίλητον
1002 2562 1427 2638 πολιορκέοντες
1464 2566 1525 2620 ἐκ
1558 2565 1667 2643 γῆς
1707 2562 1800 2621 καὶ
1840 2563 1934 2622 θα-

333 2644 578 2722 λάσσης,
611 2648 704 2706 καὶ
745 2648 1165 2726 ὕπορύσσοντες
1206 2649 1276 2709 τοῖ
1308 2654 1497 2729 τείχεα
1539 2651 1629 2710 καὶ
1670 2652 1937 2715 παντοίας

331 2734 588 2813 μηχανὰς
629 2736 1066 2813 προσφέροντες,
1113 2737 1366 2812 αἱρέουσι
1410 2736 1526 2795 κατ’
1567 2735 1755 2814 ἄκρης,
1802 2739 1937 2817 ἕκτῳ

333 2824 442 2883 ἔτεϊ
493 2821 609 2884 «ivd
663 2825 766 2900 τῆς
816 2821 1175 2885 ἀποστάσιος
1212 2828 1313 2900 τῆς
1353 2824 1789 2905 Ἀρισταγόρεω·
1846 2826 1938 2886 καὶ

324 2910 813 2991 ,ἠνδραποδίσαντο
837 2910 943 2988 τήν
966 2910 1139 2971 πόλιν
1181 2910 1327 2972 ὥστε
1363 2914 1705 2989 συμπεσέειν
1732 2913 1800 2974 τὸ
1832 2913 1936 2974 πά·

241 3000 432 3064 19·θος
456 3003 532 3081 τῷ
555 3000 880 3080 χρηστηρίῳ
905 3003 982 3079 τῷ
1012 3004 1066 3064 ἐς
1093 3000 1357 3077 Μίλητον
1374 3000 1683 3082 γενομένω..
1753 3008 1936 3079 Χρεω-

331 3089 556 3165 μένοισι
595 3089 703 3170 γὰρ
729 3088 1041 3170 Ἀργείοισι
1084 3092 1144 3149 ἐν
1172 3092 1463 3164 Δελφοῖσι
1500 3087 1629 3166 περὶ
1662 3091 1939 3165 σωτηρίης

331 3179 432 3250 Τἣς
474 3176 674 3239 πόλιος
717 3180 820 3253 τῆς
863 3174 1159 3252 σφετέρης,
1195 3176 1449 3255 ἐχρήσθη
1492 3178 1766 3235 ἐπίκοινον
1800 3201 1936 3252 χρη-

335 3261 586 3340 στήριον·
613 3263 683 3325 va
707 3266 814 3342 μὲν
838 3268 894 3327 ἐς
919 3260 1120 3327 αὐτοῦς
1146 3264 1275 3329 τούς
1299 3265 1585 3346 Ἂργείους
1614 3262 1805 3337 φέρον,
1830 3259 1938 3335 τὴν

177 3411 242 3467 h.
