2259 3500
259 93 352 147 ‚128
868 89 1235 141 ἯΡοΔοΤοτ
1707 90 1860 155 [vn.

255 170 465 247 ἡμέρης
506 170 565 228 δὲ
608 167 1031 247 ἐπιλαμψάσης,
1060 166 1276 245 ὀνείρου
1313 170 1418 247 μὲν
1448 166 1651 231 τοῦτου
1684 170 1860 252 λόγον

258 258 452 317 οὐδένα
495 258 756 327 ἐποιέετο,
798 255 828 315 ὁ
864 256 921 314 δὲ
960 256 1226 333 Περσέων
1262 258 1575 319 συναλίσας
1611 256 1738 320 τοῦς
1769 262 1861 321 καὶ

256 346 529 423 πρότερον
556 346 834 415 συνέλεξε,
865 345 1026 425 ἔλεγέ
1044 351 1157 420 σφι
1175 343 1326 403 τάδε.
1355 355 1390 379 “
1407 343 1597 422 ἄνδρες
1619 346 1859 423 Πέρσαι,

259 433 595 514 συγγνώμην
634 458 732 510 μοι
774 433 926 512 ἔχετε
967 432 1053 491 ὅτι
1087 431 1454 513 ἀγχίστροφα
1489 433 1860 512 βουλεύομαι·

263 526 481 599 φρενῶν
505 546 567 580 τε
593 520 704 603 γάρ
732 526 786 583 ἐς
811 520 881 580 τά
909 523 1184 598 ἐμεωυτοῦ
1218 524 1412 597 πρῶτα
1446 518 1512 578 οὔ
1549 546 1624 577 κω
1659 519 1859 597 ἀνήκω,

260 610 352 669 καὶ
383 612 437 668 οἱ
468 607 946 689 παρηγορεόμενοι
983 610 1136 667 κεῖνα
1170 608 1379 668 ποιέειν
1421 606 1615 667 οὐδένα
1656 610 1862 687 χρόνον

256 723 361 773 μευ
403 695 724 775 ἀπέχονται·
782 694 1089 756 ἀκούσαντι
1130 696 1322 772 μέντοι
1374 720 1473 771 μοι
1525 698 1624 770 τῆς
1664 694 1862 773 Ἀρτα-

257 784 436 862 βάνου
476 784 712 865 γνώμης,
758 784 1070 862 παραυτίκα
1123 785 1228 860 μὲν
1279 782 1318 859 ἦ
1373 782 1562 859 νεότης
1616 786 1859 857 ἐπέζεσε,

256 872 401 931 ὥστε
436 872 765 950 ἀεικέστερα
801 872 1109 950 ἀπορρίψαι
1147 873 1281 930 ἔπεα
1311 876 1364 933 ἐς
1397 869 1571 948 α”νδρα
1607 872 1860 949 πρεσβύ-

254 985 415 1039 τερον
459 958 497 1035 ἢ
542 959 729 1039 χρεόν·
773 963 871 1020 νῦν
904 961 1094 1037 μέντοι
1130 959 1425 1041 συγγνοῧς,
1463 958 1754 1038 χρήσομαι
1789 967 1861 1041 τῇ

258 1050 463 1108 ἐκείνου
498 1048 708 1129 γνώμῃ·
753 1047 822 1110 ὥς
858 1046 931 1108 ὦν
956 1048 1432 1129 μεταδεδογμένον
1455 1074 1555 1125 μοι
1579 1048 1661 1125 μὴ
1690 1075 1860 1127 στρα-

167 1138 238 1195 14
260 1136 521 1207 γεύεσθαι
562 1137 654 1194 ἐπὶ
699 1135 805 1212 τὴν
853 1135 1121 1209 Ἑλλάδα,
1165 1134 1379 1214 ἥσυχοί
1416 1134 1596 1195 ἐστε.”
1639 1138 1862 1214 Πέρσαι

254 1227 358 1301 μὲν
399 1223 469 1286 ὦς
508 1223 756 1300 ἥκουσαν
809 1228 1001 1294 ταῦτα,
1051 1222 1416 1302 κεχαρηκότες
1468 1224 1860 1301 προσεκύνεον·

260 1311 452 1375 νυκτός
488 1312 547 1370 δὲ
577 1312 893 1393 γενομένης,
926 1309 1081 1375 αὖτις
1110 1310 1287 1371 τώυτὸ
1328 1310 1542 1389 ὄνειρον
1567 1316 1643 1390 τῷ
1679 1312 1862 1391 Ξέρξῃ

257 1402 655 1479 κατυπνωμένῳ
696 1402 854 1481 ἔλεγε
896 1399 1153 1460 ἐπιστάν·
1203 1410 1239 1436 “
1255 1398 1297 1459 ὦ
1332 1403 1438 1458 παῖ
1474 1400 1730 1478 Δαρείου,
1770 1402 1862 1461 καὶ

256 1487 325 1563 δὴ
354 1489 576 1564 φαίνεαι
614 1493 671 1549 ἐν
709 1489 978 1568 Πέρσῃσί
1001 1515 1063 1549 τε
1090 1486 1464 1566 ἀπειπάμενος
1490 1488 1593 1563 τὴν
1621 1514 1861 1566 στρατη-

258 1576 483 1651 λασίην,
512 1576 603 1651 καὶ
637 1576 708 1637 τά
746 1577 853 1652 ἐμά
886 1579 1021 1635 ἔπεα
1048 1581 1106 1636 ἐν
1135 1576 1313 1636 οὐδενὶ
1339 1575 1662 1653 ποιεύμενος
1689 1574 1859 1658 λόγῳ,

260 1663 329 1727 ὥς
354 1662 484 1741 παρ’
513 1662 731 1727 οὐδενὸς
756 1663 1019 1729 ἀκούσας·
1063 1663 1122 1723 εὖ
1151 1691 1247 1725 νυν
1273 1663 1386 1724 τόδ’
1413 1664 1550 1733 ἴσθι,
1577 1663 1752 1741 ἥνπερ
1778 1664 1859 1741 μή

256 1752 453 1813 αὐτίκα
479 1755 917 1832 στρατηλατέῃς,
944 1753 1076 1813 τάδε
1104 1779 1191 1813 τοι
1211 1753 1273 1822 ἐξ
1292 1751 1471 1812 αὖτῶν
1493 1751 1858 1832 ἀνασχήσειν·

256 1840 327 1904 ὥς
367 1843 460 1902 καὶ
498 1843 673 1922 μέγας
715 1842 807 1900 καὶ
848 1840 1067 1904 πολλὸς
1111 1841 1294 1921 ἐγένεο
1339 1845 1398 1901 ἐν
1444 1838 1620 1921 ὀλίγῳ
1659 1840 1858 1920 χρόνῳ,

167 1930 237 1987 15
258 1929 397 1989 οὕτω
424 1930 516 1988 καὶ
542 1927 801 1992 ταπεινός
828 1927 1010 1988 ὀπίσω
1037 1927 1180 1986 κατὰ
1198 1926 1370 2006 τάχος
1391 1926 1596 1986 ἔσεαι.”
1651 1928 1860 2005 Ξέρξης

256 2020 376 2094 μὲν,
410 2016 663 2094 περιδεὴς
695 2015 990 2098 γενόμενος
1022 2019 1094 2094 τῇ
1131 2014 1276 2094 ὄψει,
1309 2014 1415 2076 ἀνά
1456 2042 1518 2076 τε
1559 2016 1759 2093 ἔδραμε
1799 2021 1860 2075 ἐκ

256 2108 355 2180 τῆς
404 2105 604 2179 κοίτης,
654 2103 745 2162 καὶ
791 2104 998 2181 πέμπει
1050 2102 1300 2185 ἄγγελον
1349 2105 1445 2165 ,ἐπὶ
1499 2103 1859 2182 Ἀρτάβανον

258 2192 549 2250 καλέοντα·
617 2190 930 2271 ἀπικομένῳ
990 2191 1053 2250 δέ
1108 2195 1163 2252 οἱ
1226 2193 1384 2274 ἔλεγε
1447 2193 1658 2270 Ξέρξης
1708 2192 1859 2253 τάδε·

257 2291 293 2315 “
307 2278 642 2356 Ἀρτάβανε,
670 2279 778 2360 ἐγω
805 2279 869 2339 τό
896 2279 1211 2357 παραυτίκα
1237 2283 1341 2357 μὲν
1367 2280 1467 2340 οὖκ
1492 2281 1859 2359 ἐσωφρόνεον,

256 2369 413 2430 ε’ίπας
439 2373 495 2432 ἐς
521 2370 589 2427 σὲ
613 2367 822 2444 μάταιί.
849 2369 982 2427 ἔπεα
1007 2374 1262 2447 χρηστῆς
1284 2369 1462 2430 εἵνεκα
1483 2370 1858 2446 συμβουλίης·

255 2455 398 2533 μεταῖ
437 2455 629 2532 μέντοι
671 2454 735 2514 οὗ
772 2456 994 2516 πολλόν
1028 2456 1233 2535 χρόνον
1263 2457 1558 2537 μετέγνων,
1598 2457 1765 2538 ἔγνων
1801 2457 1862 2516 δὲ

254 2542 429 2603 ταῦτά
468 2568 567 2619 μοι
607 2543 839 2618 ποιητέα
883 2543 1043 2603 ἐόντα
1077 2543 1150 2603 τοὶ
1183 2544 1257 2604 σύ
1295 2543 1600 2620 ὑπεθήκαο.
1685 2544 1862 2606 οὔκων

255 2629 483 2694 δυνατός
506 2657 597 2691 τοι
625 2632 736 2708 εἰμὶ
760 2636 937 2692 ταῦτα
969 2632 1176 2692 ποιέειν
1213 2631 1585 2710 βουλόμενος·
1626 2658 1862 2711 τετραμ-

254 2719 399 2798 μένῳ
443 2719 553 2800 γοὶρ
599 2719 667 2795 δὴ
722 2719 814 2778 καὶ
866 2718 1235 2802 μετεγνωκότι
1290 2723 1594 2795 ἐπιφοιτῶν
1648 2719 1882 2798 ὄνειρον.

256 2806 598 2883 φαντάζεταί
625 2832 740 2884 μοι,
778 2806 1029 2885 οὐδαμῶς
1061 2809 1395 2869 συνέπαινον
1432 2807 1525 2867 ε’ὂν
1556 2809 1764 2869 ποιέειν
1788 2835 1862 2886 με

252 2898 446 2954 ταῦτα·
495 2898 594 2956 νῦν
629 2894 688 2953 δὲ
726 2896 817 2954 καὶ
849 2894 1224 2971 διαπειλῆσαν
1262 2896 1495 2975 οἴχεται·
1546 2900 1594 2955 εἲ
1626 2895 1699 2956 ὦν
1735 2895 1862 2960 θεός

255 2986 379 3042 ἐστι
421 2981 454 3042 ὁ
504 2983 843 3060 ἐπιπέμπων,
890 2983 987 3041 καί
1030 2986 1084 3042 οἱ
1129 2982 1344 3045 πάντως
1399 2988 1458 3042 ἐν
1481 2982 1682 3062 ,ἡδονῇ
1737 2988 1861 3042 ἐστι

255 3071 516 3151 γενέσθαι
533 3071 956 3148 στρατηλασίην
978 3069 1067 3130 ἐπὶ
1087 3070 1190 3146 τὴν
1203 3069 1472 3140 Ἑλλάδα,
1491 3070 1860 3146 ἐπιπτήσεται

256 3159 347 3215 καὶ
384 3159 480 3217 σοὶ
512 3158 688 3220 τῶυτό
723 3165 892 3221 τοῦτο
929 3157 1143 3236 ὄνειρον
1169 3157 1372 3237 ὁμοίως
1399 3158 1490 3216 καὶ
1523 3160 1646 3234 ἐμοὶ
1676 3161 1859 3217 ἐντελ-

257 3243 513 3318 λόμενον·
543 3243 778 3324 εὗρίσκῖυ
798 3245 858 3307 δὲ
881 3244 985 3308 ὦδε
1003 3244 1075 3308 ἂν
1092 3245 1360 3327 γινόμενα
1376 3249 1568 3314 ταῦτα,
1587 3248 1635 3302 εἰ
1653 3243 1861 3321 λάβοις
