2259 3500
378 108 526 173 1-5]
1010 108 1317 157 OTPANIA.
1870 108 1963 157 221

373 190 702 265 ἐπιτρέπειν·
745 187 1087 265 ἀντιβάντων
1123 187 1183 246 δὲ
1218 190 1329 247 τῶν
1364 186 1693 265 συμμάχων,
1727 185 1875 245 εἶκον
1915 190 1969 245 οἱ

370 274 675 351 Ἀθηναῖοι,
697 278 850 357 ,μέγα
883 275 1247 350 πεποιημένοι
1278 277 1545 351 περιεῖναι
1580 273 1683 348 τὴν
1715 272 1967 332 Ἑλλάδα

373 364 464 421 καὶ
503 364 725 445 γνόντες
767 370 812 425 εἰ
853 362 1239 423 στασιάσουσι
1277 362 1406 438 περὶ
1434 364 1535 436 τῆς
1567 360 1863 441 ἡγεμονίης
1899 361 1969 427 ὥς

371 449 672 511 ἀπολέεται
709 452 748 528 η’
786 449 1017 520 Ἑλλάς,
1059 449 1201 528 ὀρθοὶ
1242 454 1506 513 νοεῦντες.
1588 448 1817 530 [στάσις
1856 449 1966 529 γὰρ

372 539 623 615 ἔμφυλος
661 541 914 617 πολέμου
969 537 1413 615 ὁμοφρονέοντος
1466 536 1723 615 τοσούτῳ
1778 535 1967 597 κάκιόν

371 631 510 697 ε’στι,
539 627 654 708 ὅσῳ
685 627 936 705 πόλεμος
972 625 1231 707 εἰρήνης]
1315 623 1677 701 ἐπιστάμενοι
1714 622 1787 682 ὧν
1827 650 1963 685 αυτο

369 721 550 788 τοῦτο,
591 717 690 776 οὐκ
725 716 1049 784 ἀντέτεινον,
1077 714 1209 773 ἀλλ’
1237 712 1385 773 εἶκον
1418 712 1585 791 μέχρι
1622 711 1763 773 ὅσου
1790 712 1965 789 κάρτα

372 802 587 862 ἐδέοντο
615 802 810 874 αὐτῶν,
841 829 911 866 ως
937 802 1199 871 διέδεξαν·
1244 800 1315 864 ὥς
1339 799 1449 881 γὰρ
1476 799 1608 875 δῆ’
1566 799 1845 877 ωσάμενοι
1870 801 1971 879 τὸν

371 890 602 966 Πέρσεα
634 892 761 968 περὶ
791 892 892 966 τῆς
928 890 1137 949 ἐκείνου
1171 888 1279 964 ἤδη
1312 886 1413 947 τὸν
1444 887 1631 969 ἀγῶνα
1663 892 1961 961 ἐποιεῦντο,

369 977 661 1054 πρόφασιν
685 978 791 1054 τήν
816 978 1151 1037 Παυσανίεω
1176 975 1343 1053 ὕβριν
1362 974 1780 1054 προϊσχόμενοι,
1808 975 1962 1036 ἀπεί-

369 1068 538 1125 λοντο
577 1065 681 1141 τήν
719 1066 1021 1146 ἡγεμονίην
1067 1063 1199 1126 τοῦς
1242 1063 1729 1141 Λακεδαιμονίους.
1811 1062 1966 1124 ἀλλά

367 1157 540 1211 ταῦτα
564 1156 669 1229 μὲν
693 1152 931 1231 ὕστερον
947 1153 1196 1233 ἐ’-γένετο.

445 1239 585 1300 Τότε
625 1240 686 1301 δὲ
727 1239 880 1301 οὗτοι
928 1244 982 1301 οἱ
1023 1241 1114 1298 καὶ
1156 1237 1241 1297 ἐπ’
1278 1238 1637 1317 Ἀρτεμίσιον
1675 1238 2020 1315 Ἑλλήνων4

367 1327 709 1405 ἀπικόμενοι,
763 1329 834 1393 αἷς
873 1327 1021 1388 εἶδον
1059 1327 1185 1391 νέας
1221 1353 1284 1387 τε
1329 1327 1553 1391 πολλάς
1592 1328 1966 1407 καταχθείσας

367 1420 422 1477 ἐς
471 1416 572 1479 τάς
621 1415 866 1493 Ἀφέτας
919 1416 1010 1475 καὶ
1051 1419 1319 1492 στρατιῆς
1373 1413 1590 1475 ἅπαντα
1636 1415 1801 1485 πλέα,
1846 1416 1965 1476 ἐπεὶ

367 1502 588 1563 αὐτοῖσι
639 1505 792 1581 παρά
845 1504 1012 1573 δόξαν
1051 1502 1123 1563 τά
1162 1503 1465 1583 πρήγματα
1503 1506 1613 1563 τῶν
1652 1503 1967 1582 βαρβάρων

367 1588 637 1667 ἀπέβαινε
672 1588 708 1665 ἢ
743 1590 814 1653 ὦς
849 1590 1006 1651 αὐτοὶ
1046 1590 1385 1660 κατεδόκεον,
1422 1591 1963 1668 καταρρωδήσαντες,

367 1676 621 1756 δρησμὸν
647 1678 948 1756 ἐβούλευον
981 1678 1094 1738 ἀπό
1130 1682 1233 1737 τοῦ
1256 1677 1615 1756 Ἀρτεμισίου
1642 1680 1751 1737 ἔσω
1782 1682 1837 1741 ἐς
1862 1678 1966 1756 τήν

364 1763 636 1826 Ἑλλάδα·
677 1767 900 1848 γνόντες
936 1768 999 1826 δέ
1030 1774 1217 1844 σφεας
1252 1770 1305 1826 οἱ
1340 1766 1585 1842 Εὐβοέες
1620 1769 1797 1828 ταῦτα
1827 1768 1964 1843 βου-

363 1855 710 1932 λευομένους,
751 1855 968 1916 ἐδέοντο
1001 1855 1359 1933 Εὐρυβιάδεω
1399 1859 1735 1932 προσμεῖναι
1759 1853 1965 1933 χρόνον

363 1940 574 2023 ὀλίγον,
629 1942 744 2003 ἔστ’
797 1941 865 2003 ἂν
917 1943 1076 2003 αὐτοὶ
1119 1944 1285 2004 τέκνα
1329 1969 1392 2004 τε
1444 1943 1535 2001 καὶ
1579 1943 1707 2006 τοῦς
1750 1943 1965 2007 οἰκέτας

360 2029 748 2099 ὑπεκθέωνται·
833 2031 903 2096 ὦς
943 2031 988 2091 δ’
1031 2031 1130 2091 οὐκ
1186 2031 1419 2101 ἔπειθον,
1465 2031 1811 2108 μεταβάντες
1862 2030 1964 2092 τὸν

343 2115 664 2195 «Ἀθηναίων
723 2118 1044 2202 στρατηγόν
1107 2121 1367 2180 πείθουσι
1424 2121 1815 2196 Θεμιστοκλέα
1869 2120 1961 2178 ε’πὶ

359 2208 547 2285 μισθῷ
569 2207 866 2285 τριήκοντα
890 2207 1237 2285 ταλάντοισι,
1266 2207 1349 2266 ἐπ’
1374 2205 1420 2287 ᾧ
1449 2233 1511 2267 τε
1543 2208 1963 2284 καταμείναντες

360 2293 471 2369 πρὸ
497 2299 597 2368 τῆς
621 2294 872 2370 Εὐβοίης
897 2295 1233 2370 ποιήσονται
1257 2294 1359 2371 τὴν
1391 2297 1722 2375 ναυμαχίην.
1803 2295 1871 2354 ‘O
1901 2296 1959 2356 δὲ
1976 2299 2013 2355 5

362 2382 778 2456 Θεμιστοκλέης
829 2381 958 2445 τοῦς
999 2381 1287 2458 Ἕλληνας
1328 2387 1582 2462 ἐπισχεῖν
1622 2381 1727 2444 ὧδε
1764 2385 1958 2444 ποιέει·

359 2466 684 2546 Εὐρυβιάδῃ
724 2467 934 2530 τούτων
975 2473 1086 2530 τῶν
1123 2470 1424 2550 χρημάτων
1468 2471 1756 2548 μεταδιδοῖ
1794 2472 1957 2532 πέντε

358 2553 626 2624 τάλαντα,
668 2554 739 2619 ὥς
777 2555 909 2634 παρ’
951 2561 1151 2617 ἑωυτοῦ
1193 2559 1357 2634 δῆθεν
1399 2557 1597 2623 διδούς·
1692 2559 1763 2623 ὦς
1803 2560 1867 2618 δέ
1904 2563 1958 2620 οἳ

359 2637 521 2705 οὗτος
573 2642 954 2716 ἀνεπέπειστο,
1025 2644 1403 2726 (Αδείμαντος
1457 2646 1567 2727 γάρ
1620 2646 1653 2705 ὁ
1704 2645 1953 2716 Ὠκύτου,

357 2730 654 2806 Κορίνθιος
693 2733 1022 2814 στρατηγός,
1047 2738 1159 2793 τῶν
1197 2737 1411 2794 λοιπῶν
1449 2733 1693 2809 ἤσπαιρε
1732 2737 1951 2810 μοῦνος,

357 2815 606 2893 φάμενος
637 2817 1088 2882 ἀποπλῶσεσθαί
1113 2848 1175 2881 τε
1215 2819 1327 2882 ἀπό
1353 2825 1455 2882 τοῦ
1478 2820 1835 2898 Ἀρτεμισίου
1862 2821 1953 2880 καὶ

355 2905 420 2964 οὗ
444 2907 845 2989 παραμενέειν,)
866 2909 1005 2986 πρὸς
1031 2909 1098 2985 δὴ
1117 2913 1317 2970 τοῦτον
1340 2907 1459 2968 εἳπε
1486 2909 1517 2970 ὁ
1539 2908 1955 2986 Θεμιστοκλέης

355 2994 658 3071 ἐπομόσας·
722 3007 758 3032 “
777 2995 842 3056 οὗ
883 2996 960 3056 σύ
999 3023 1066 3079 γε
1104 2997 1280 3074 ἤμέας
1320 2997 1661 3075 ἀπολείψεις,
1706 2997 1830 3056 ε’πεί
1863 3022 1953 3056 τοι

353 3083 461 3162 ἐγώ
491 3085 638 3160 μέζω
674 3083 822 3162 δῶρα
863 3084 1097 3144 δώσω*
1061 3112 1098 3162 η
1139 3085 1487 3162 βασιλεῦς”
1452 3112 1519 3145 αν
1551 3111 1639 3144 τοι
1676 3085 1708 3144 ὁ
1741 3084 1949 3192 Μήδων

351 3171 587 3250 πέμψειε
639 3172 978 3234 ἀπολιπόντι
1029 3200 1157 3238 τους
1216 3171 1598 3252 συμμάχουςῬ
1664 3173 1839 3234 ταῦτά
1888 3198 1950 3232 τε

351 3257 474 3396 ἅμίιῐκ
493 3260 741 3394 η’)ἱοέρευε,
769 3262 862 3322 καὶ
897 3261 1105 3339 πέμπει
1142 3262 1233 3322 ἐπὶ
1264 3261 1369 3336 τὴν
1408 3285 1505 3322 νεα
1532 3260 1637 3336 τὴν
1663 3258 1949 3336 Ἀδειμάν-
