2259 3500
281 104 418 150 κιο
901 96 1273 147 ‘nrvo'ro‘r
1698 92 1885 159 [vm.
1910 119 1923 147 x

279 202 380 241 τον
418 176 670 255 θόρυβον
713 175 980 235 απῖκοντο
1019 173 1183 233 ὥστε
1220 174 1356 233 ἔνιοι
1394 176 1507 234 τῶν
1556 176 1889 255 στρατηγῶν

284 264 410 327 οὐδὲ
435 265 797 342 κυρωθῆναι*
769 288 960 339 εμενον
985 289 1052 322 το
1079 262 1441 338 προκείμενον
1476 264 1729 343 πρῆγμα,
1758 262 1875 323 ἀλλ’.

283 355 339 418 ἔς
377 380 439 413 τε
477 352 578 415 τοὶς
617 355 752 426 νῆας
793 350 1114 419 ἐσέπιπτον,
1166 350 1259 409 καὶ
1300 350 1469 410 ἱστία
1508 348 1763 427 ἀείροντο
1816 352 1889 417 ὦς

285 423 748 516 ἀποθευσόμενοι·
822 438 982 499 τοῖσί
1035 464 1098 497 τε
1158 433 1657 515 ὐπολειπομένοισι
1710 438 1890 503 αὐτῶν

287 528 533 606 ἐκυρώθη
561 526 672 604 πρὸ
697 530 799 587 τοῦ
816 525 1053 603 Ἰσθμοῦ
1073 527 1422 604 ναυμαχέειν·
1444 524 1546 595 νύξ
1566 553 1631 586 τε
1656 526 1882 608 ἐγίνετο,

285 616 378 675 καὶ
417 616 488 686 οἳ,
521 616 870 678 διαλυθέντες
907 620 968 675 ἐκ
1003 618 1104 675 τοῦ
1144 614 1449 691 συνεδρίου,
1495 616 1793 691 ἐσέβαινον
1832 622 1887 680 ἐς

185 704 263 767 57
285 704 385 767 τὰς
423 708 577 780 νῆας.
658 702 937 764 Ἐνθαΰτα
987 702 1057 777 δὴ
1111 702 1504 778 Θεμιστοκλέα
1550 702 1888 780 ἀπικόμενον

285 792 378 853 ἐπὶ
415 792 522 867 τῆν
555 796 664 868 νῆα
695 793 872 869 εἴρετο
908 791 1292 866 Μνησίφιλος,
1330 789 1475 869 ἀνὴρ
1506 790 1821 867 Ἀθηναῖος,
1854 790 1887 852 ὅ

280 906 338 941 τι
364 887 477 956 σφι
503 881 588 955 εἴη
611 880 1094 957 βεβουλευμένονς
1125 877 1439 954 πυθόμενος
1466 879 1526 939 δὲ
1550 878 1693 954 πρός
1716 878 1887 941 αὐτοῦ

281 966 356 1032 ὥς
381 970 466 1045 εἴη
493 969 824 1049 δεδογμένον
851 966 1076 1049 ἀνάγειν
1093 966 1195 1029 τὰς
1216 970 1351 1041 νῆας
1368 965 1510 1043 πρὸς
1528 966 1627 1026 τὸν
1652 966 1897 1043 Ἰσθμὸν·

283 1057 376 1116 καὶ
401 1056 512 1133 πρὸ
538 1059 640 1131 τῆς
666 1054 1112 1131 Πελοποννήσου
1140 1055 1485 1133 ναυμαχέειν,
1508 1053 1647 1114 εἶπε·
1680 1066 1716 1091 “
1732 1054 1887 1116 οὗτοι

283 1142 394 1221 ἄρα
437 1142 508 1219 ἢν
552 1142 836 1219 ἀπαίρωσι
873 1141 976 1205 τὰς
1021 1146 1158 1218 νῆας
1198 1141 1312 1201 cin-<3
1361 1142 1703 1219 Σαλαμῖνος,
1758 1145 1887 1221 περὶ

283 1229 544 1307 οὐδεμιῆς
576 1230 656 1289 ἔτι
682 1229 948 1306 πατρίδος
973 1228 1374 1309 ναυμαχήσεις·
1418 1231 1561 1293 κατὰ
1584 1231 1697 1312 γσῖρ
1722 1231 1887 1295 πόλις

285 1318 514 1379 ἔκαστοι
565 1317 883 1394 τρέψονται·
953 1317 1047 1376 καὶ
1101 1316 1229 1377 οὔτε
1283 1319 1471 1394 σφέας
1533 1318 1887 1396 Εὐρυβιάδης

201 1460 206 1467 .
283 1407 538 1485 κατέχειν
573 1405 869 1481 δυνήσεται
899 1404 1026 1466 οὔτε
1060 1431 1147 1469 τις
1182 1404 1483 1483 ἀνθρώπων
1516 1404 1711 1476 ἄλλος,
1742 1406 1887 1467 ὥστε

284 1492 350 1553 οὐ
381 1494 462 1571 μῆ
497 1493 972 1568 διασκεδασθῆναι
1005 1492 1110 1569 τήν
1150 1494 1439 1569 στρατιήν·
1488 1493 1793 1555 ἀπολέεταί
1822 1521 1887 1555 τε

281 1579 324 1657 ἤ
357 1581 570 1645 Ἑλλὰς
605 1580 963 1659 ἀβουλίῃσι..
1021 1580 1153 1641 ἀλλ’
1188 1582 1241 1640 εἴ
1270 1606 1355 1645 τις
1386 1583 1511 1642 ἐστὶ
1537 1582 1779 1661 μηχανὴ,
1807 1584 1885 1643 ἴθι

288 1670 382 1729 καὶ
425 1672 596 1746 πειρῶ
635 1668 853 1746 διαχέαι
891 1670 964 1730 τὰ
1001 1670 1451 1746 βεβουλευμένα,
1492 1669 1563 1743 ἦν
1609 1695 1715 1733 κως
1752 1670 1885 1749 δύνῃ

281 1755 601 1838 ἀναγνῶσαι
660 1756 1020 1835 Εὐρυβιάδεα
1079 1756 1670 1834 μεταβουλεύσασθαι,
1740 1758 1886 1819 ὥστε·

186 1847 264 1904 58
283 1844 456 1906 αὐτοῦ
479 1844 744 1922 μενέειν.”
825 1844 1026 1922 Κάρτα
1052 1844 1120 1920 δῆ
1147 1849 1225 1922 τῷ
1250 1847 1631 1921 Θεμιστοκλέῖ
1652 1845 1825 1924 ἤρεσε
1846 1847 1887 1923 ἦ

282 1932 558 2009 ὑποθήκη·
615 1933 709 1991 καὶ
755 1930 912 1992 οὐδὲν
951 1929 1096 2008 πρὸς
1142 1933 1321 1991 ταῦτα
1366 1931 1756 2011 ἀμειψάμενος,
1798 1933 1887 2009 ἤϊε

281 2021 374 2081 ἐπὶ
413 2020 518 2096 τήν
561 2023 668 2097 νῆα
709 2017 816 2094 τῆν
855 2017 1236 2096 Εὐρυβιάδεω·
1294 2019 1627 2097 α’πικόμενος
1680 2022 1741 2081 δὲ
1774 2023 1887 2098 ἔφη

286 2108 474 2168 θέλειν
505 2111 560 2166 οἱ
592 2106 778 2165 κοινόν
811 2132 868 2166 τι
903 2109 1140 2187 πρῆγμα
1168 2107 1461 2183 συμμίξαι·
1504 2109 1538 2169 ὅ
1564 2108 1612 2168 δ’
1639 2108 1807 2170 αὐτὰν
1833 2117 1889 2173 ἐς

277 2194 385 2270 τῆν
411 2197 518 2269 νῆα
543 2194 765 2253 ἐκέλευε
785 2193 1042 2270 ἐσβάντα
1066 2193 1255 2274 λέγειν
1282 2196 1333 2254 εἶ
1356 2221 1411 2255 τι
1438 2196 1611 2256 θέλει·
1648 2199 1887 2257 ἐνθαῦτα

281 2281 315 2342 ὅ
353 2282 776 2358 Θεμιστοκλέης
806 2281 1178 2359 παριζόμενός
1217 2285 1271 2342 οἶ
1310 2285 1607 2364 καταλέγει
1639 2284 1792 2344 κεῖνό.
1826 2311 1889 2345 τε

281 2368 464 2429 πάντα
501 2368 574 2429 τὰ
613 2367 826 2445 ἤκουσε
865 2370 1259 2446 Μνησιφίλου,
1304 2374 1506 2431 ἑωυτοῦ
1546 2370 1883 2448 ποιεύμενος,

284 2456 376 2516 καὶ
401 2455 557 2515 ἄλλα
589 2456 787 2516 πολλοὶ
815 2458 1159 2533 προστιθείς·
1202 2463 1258 2520 ἐς
1284 2457 1317 2517 ὃ
1344 2457 1627 2539 ἀνέγνωσε
1650 2461 1889 2538 χρηΐζων

282 2546 341 2604 ἔκ
365 2570 429 2604 τε
453 2548 554 2621 τῆς
580 2543 711 2621 νηός
735 2547 975 2622 ἐκβῆναι
1001 2545 1279 2615 συλλέξαι
1302 2571 1364 2606 τε
1388 2545 1521 2610 τούς
1538 2546 1891 2627 στρατηγούς

187 2635 261 2693 59
283 2638 339 2697 ἐς
372 2633 439 2693 τό
475 2633 784 2710 συνέδριον.
865 2632 964 2696 Ὡς
991 2633 1051 2692 δὲ
1076 2632 1185 2709 ἄρα
1212 2635 1656 2713 συνελέχθησαν,
1686 2637 1819 2712 πρὶν
1852 2635 1891 2711 ἢ

279 2721 382 2780 τὸν
427 2720 781 2797 Εὐρυβιάδεα
823 2721 1114 2799 προθεῖναι
1166 2720 1267 2781 τόν
1318 2720 1496 2802 λόγον
1546 2726 1658 2781 τῶν
1712 2723 1891 2781 εἵνεκα

281 2809 568 2890 συνήγαγε
586 2810 715 2872 τούς
741 2807 1109 2890 στρατηγούς,
1129 2809 1311 2871 πολύς
1328 2808 1399 2884 ἦν
1419 2808 1452 2868 ό
1472 2810 1892 2885 Θεμιστοκλέης

283 2901 342 2956 ἐν
377 2900 533 2957 τοῖσι
571 2896 816 2978 λόγοισι,
845 2896 937 2956 οἶα
973 2895 1153 2973 κάρτα
1192 2894 1467 2971 δεόμενος·
1524 2897 1793 2977 λέγοντος
1832 2898 1893 2956 δὲ

281 2983 470 3056 αὐτοῦ,
497 2982 530 3044 ὅ
557 2985 855 3061 Κορίνθιος
875 2982 1192 3063 στρατηγὸς
1209 2981 1568 3058 Ἀδείμαντος
1594 2984 1627 3044 ό
1653 2983 1893 3044 Ὠκύτου

283 3070 422 3132 εἶπε·
485 3082 521 3110 “
539 3070 582 3130 ὦ
619 3072 1044 3149 Θεμιστόκλεες,
1081 3076 1143 3130 ἐν
1175 3075 1331 3131 τοῖσι
1367 3071 1550 3152 οἶγῶσι
1578 3075 1631 3131 οἶ
1658 3073 1891 3149 προεξα-

289 3158 610 3235 νιστοῖμενοι
635 3159 1010 3237 ῥαπίζονται·”
1051 3157 1084 3216 ὁ
1113 3157 1174 3216 δὲ
1200 3157 1584 3233 ἀπολυόμενος
1612 3160 1741 3234 ἔφη·
1785 3170 1821 3194 “
1838 3163 1893 3217 οἱ

189 3241 266 3299 60
284 3241 346 3300 δέ
388 3269 474 3321 γε.
509 3246 1040 3323 ἐγκαταλειπόμενοι
1093 3243 1159 3314 οὐ
1211 3243 1668 3318 στεφανεῦνται.”
1751 3244 1891 3303 Τότε
