2259 3500
277 80 380 129 208
831 127 838 135 ,
897 78 1264 129 ‘mom-1¹01·
1727 78 1885 144 [VH.

281 157 658 235 πειρεῶμενοι,
688 157 780 217 καὶ
807 158 948 217 κατὰ
973 159 1141 218 τέλεα
1168 159 1261 217 καὶ
1286 159 1559 221 παντοίως
1584 158 1887 235 προσβάλ-

284 249 494 314 λοντες,
524 244 907 320 α’,πήλαυνον’
875 247 1076 311 οιτίσω.
1150 252 1209 305 ἐν
1239 246 1478 326 ταύτῃσι
1507 249 1644 324 τῇσι
1678 246 1888 323 προσό-

285 333 436 391 δοισι
480 337 582 408 τῆς
621 333 808 412 μάχης
854 335 1082 414 λέγεται
1126 335 1383 410 βασιλέα
1432 332 1735 409 θηεύμενον
1772 335 1891 411 τρὶς

287 419 622 497 ἀναδραμεῖν
643 425 704 479 ἐκ
729 426 830 481 τοῦ
855 420 1074 498 θρόνου,
1097 422 1359 482 δείσαντα
1386 422 1512 498 περὶ
1537 425 1609 499 τῇ
1630 426 1888 499 στρατιῇ.

189 508 308 565 212
328 506 469 567 Τότε
521 510 624 585 μὲν
677 506 818 568 οὕτω
869 507 1240 590 ἠγωνίσαντο·
1293 513 1367 588 τῇ
1422 508 1467 568 δ’
1515 508 1783 587 ὖστεραίῃ
1838 512 1890 567 οἱ

285 594 578 672 βάρβαροι
623 594 782 656 οὐδὲν
821 595 1047 673 ἄμεινον
1087 596 1341 657 ἀέθλεον·
1396 594 1493 655 ἅτε
1531 595 1643 677 γοὶρ
1684 595 1891 676 ὀλίγων

289 681 504 754 ἐόντων,
527 683 859 748 ἐλπίσαντές
885 691 1070 760 σφεας
1097 684 1685 761 κατατετρωματίσθαι
1708 708 1771 742 τε
1799 684 1891 742 καὶ

289 769 388 829 οὐκ
422 771 569 835 οἴους
599 797 662 831 τε
697 773 927 832 ἔσεσθαι
962 774 1041 832 ἔτι
1065 776 1257 852 χεῖρας
1288 771 1703 847 ἀνταείρασθαι,
1732 772 1890 830 συνέ-

285 859 536 934 βαλλον·
592 862 646 919 οἶ
693 860 753 919 δὲ
793 859 1073 971 :EM-qves·
1121 860 1263 919 κατα
1306 859 1461 929 τάξις
1505 884 1568 918 τε
1615 860 1707 918 καὶ
1748 860 1891 918 κατα

289 946 450 1005 ἔθνεα
485 947 894 1023 κεκοσμημένοι
919 946 1084 1023 ἦσαν,
1114 948 1297 1007 καὶεν
1238 948 1476 1025 ενμέρεῖ
1507 946 1737 1006 ἕκαστοι
1762 944 1890 1023 ἐμά-

285 1058 476 1113 χοντο,
497 1034 651 1109 πλὴν
671 1034 918 1093 Φωκέων·
951 1032 1105 1094 οὗτοι
1131 1034 1246 1093 δὲ’
1220 1060 1275 1098 ες
1299 1034 1365 1093 τό
1388 1060 1550 1111 ουρος
1570 1033 1891 1113 ἐτάχθησαν

291 1119 639 1196 φυλάξοντες
671 1119 774 1196 τὴν
807 1120 1074 1197 ἀτραπόν·
1119 1122 1191 1185 ὦς
1226 1122 1286 1181 δὲ
1322 1122 1479 1181 οὐδὲν
1507 1120 1766 1199 εὕρισκον
1790 1121 1891 1181 άλ-

289 1207 579 1283 λοιότερον
615 1210 670 1267 οῖ
709 1208 932 1285 Πέρσαι
971 1207 1008 1285 ἢ
1046 1212 1118 1288 τῇ
1153 1209 1455 1289 προτεραίῃ
1491 1208 1717 1286 ἐνώρων,
1748 1208 1892 1287 άπή·

290 1299 518 1360 λαυνον.

195 1385 314 1446 213
370 1382 740 1462 Ἀπορέοντος
758 1384 818 1445 δὲ
835 1386 1114 1462 βασιλέος
1129 1385 1162 1448 ὅ
1177 1412 1233 1447 τι
1251 1386 1525 1467 χρήσεται
1540 1391 1617 1467 τῷ
1630 1385 1891 1465 παρεόντι

291 1470 596 1553 πρήγματι,
641 1472 948 1550 Ἐπιάλτης
991 1474 1024 1535 ὅ
1071 1474 1405 1552 Εὐρυδήμου
1450 1473 1590 1551 άνῆρ
1638 1474 1893 1551 Μηλιεῦς

286 1556 434 1634 ἦλθέ
459 1564 512 1620 οἶ
541 1564 594 1625 ἐς
619 1560 838 1643 λόγους,
865 1562 938 1626 ὦς
960 1563 1108 1644 μέγα
1134 1588 1189 1622 τι
1215 1562 1369 1640 παριῗν
1393 1562 1673 1637 βασιλέος
1692 1562 1893 1622 δοκέων

291 1648 571 1709 οἴσεσθαι·
607 1647 828 1727 ἔφρασέ
850 1676 913 1710 τε
937 1650 1044 1727 τήν
1067 1650 1320 1728 άτραπὸν
1338 1650 1443 1726 τήν
1462 1649 1552 1709 δια
1576 1654 1675 1711 τοῦ
1702 1648 1892 1727 οὔρεος

290 1736 638 1815 φέρουσαν’
611 1765 668 1802 ες
701 1738 1086 1817 Θερμοπύλας,
1116 1740 1209 1799 καὶ
1244 1738 1524 1817 διέφθειρε
1554 1765 1685 1802 τους
1718 1763 1891 1818 ταυτῃ

287 1823 689 1902 υπομείναντας
733 1825 1042 1902 Ἑλλήνων·
1095 1827 1333 1905 ὕστερον
1379 1828 1439 1886 δὲ
1484 1827 1675 1890 δείσας
1714 1833 1888 1886 Λακε-

291 1912 602 1989 δαιμονίους
632 1915 863 1994 ἔφυγε’
837 1939 893 1976 ες
917 1915 1266 1990 Θεσσαλίην·
1310 1916 1407 1974 καί
1432 1917 1487 1974 οἳ
1513 1914 1752 1996 φυγόντι
1780 1940 1891 1976 υπο

287 2005 399 2060 τῶν
425 2001 776 2081 Πυλαγόρων
799 2002 934 2080 (τῶν
957 1999 1383 2078 Ἀμφικτυόνων
1414 2008 1469 2066 ἐς
1502 2003 1607 2078 τὴν
1634 2002 1893 2078 Πυλαίην

291 2088 742 2167 συλλεγομένων)
771 2086 1034 2168 ἀργύριον
1070 2090 1441 2169 ἐπεκηρύχθη·
1481 2089 1663 2170 χρόνῳ
1696 2090 1757 2149 δὲ
1790 2089 1893 2150 ὕσ-

287 2199 466 2250 τερον,
523 2174 770 2249 κατῆλθε
820 2173 932 2256 γάρ
986 2181 1044 2240 ἐς
1091 2175 1436 2254 Ἀντικύρην,
1484 2177 1727 2237 ἀπέθανε
1776 2175 1891 2236 ὖπὸ

288 2259 603 2336 Ἀθηνάδεω
639 2261 837 2340 ἅνδρὸς
871 2265 1187 2343 Τρηχινίου·
1230 2263 1263 2324 ὁ
1300 2266 1361 2325 δὲ
1391 2263 1714 2376 Ἀθηνάδης
1733 2262 1894 2327 οὗτος

289 2347 574 2408 ἀπέκτεινε
613 2352 717 2426 μὲν
751 2350 1058 2426 Ἐπιάλτεα
1095 2351 1163 2411 δι’
1196 2350 1381 2428 ἄλλην
1417 2352 1613 2428 αἰτίην,
1644 2377 1749 2427 την
1784 2351 1893 2432 ἐγω

290 2441 349 2496 ἐν
388 2439 540 2496 τοῖσι
579 2435 789 2498 ὄπισθε
823 2437 1054 2520 λόγοισι
1093 2441 1375 2516 σημανέω·
1424 2439 1661 2516 ἐτιμήθη
1700 2439 1893 2516 μέντοι

287 2550 398 2583 mro
443 2525 892 2602 Λακεδαιμονίων
937 2525 1098 2588 ουδὲν
1142 2525 1351 2602 ἧσσον.
1430 2526 1740 2604 Ἐπιάλτης
1789 2528 1893 2604 μὲν

289 2611 432 2672 οὕτω
455 2611 692 2691 ὕστερον
716 2612 926 2674 τούτων
952 2613 1215 2675 ἀπέθανε.

193 2700 311 2758 214
362 2698 534 2760 Ἔστι
573 2701 634 2760 δὲ
668 2702 852 2778 ἔτερος
887 2701 1193 2783 λεγόμενος
1226 2703 1418 2784 λόγος,
1456 2701 1529 2766 ὥς
1557 2701 1795 2778 Ὀνήτης
1828 2726 1894 2760 τε

289 2786 322 2846 ὁ
353 2787 684 2869 Φαναγόρεω
716 2787 857 2867 ἀνὴρ
885 2788 1206 2866 Καρύστιος
1242 2792 1334 2850 καὶ
1371 2788 1743 2868 Κορυδαλλὸς
1767 2788 1893 2848 Ἀν-

288 2876 535 2952 τικυρεῦς
561 2877 675 2936 εἰσὶ
706 2879 760 2936 οἶ
787 2877 1038 2940 εἴπαντες
1060 2877 1205 2954 πρός
1228 2877 1483 2954 βασιλέα
1506 2876 1737 2939 τούτους
1761 2875 1894 2939 τούς

289 2962 509 3042 λόγους,
535 2964 628 3022 καὶ
651 2963 1130 3044 περιηγησάμενοι
1155 2965 1221 3024 τὸ
1244 2963 1407 3042 οὖρος
1423 2968 1577 3024 τοῖσι
1605 2964 1890 3041 Πέρσῃσι,

291 3049 544 3126 ουδαμῶς
583 3052 712 3129 ἐμοί
746 3077 815 3132 γε
853 3051 1076 3116 πιστός·
1115 3056 1285 3112 τοῦτο
1317 3077 1421 3130 μεν
1456 3051 1567 3132 γὰρ
1602 3051 1741 3130 τῷδε
1779 3053 1893 3128 χρὴ

291 3137 762 3212 σταθμώσασθαι,
815 3138 904 3200 ὅτι
955 3165 1012 3200 οι
1063 3141 1178 3200 τῶν
1218 3138 1510 3214 Ἑλλήνων
1560 3110 1893 3217 Πυλαγόροι

291 3221 632 3298 ἐπεκήρυξαν
658 3252 760 3286 ουκ
785 3227 878 3286 ἐπὶ
899 3225 1112 3304 Ὀνήτῃ
1137 3251 1201 3286 τε
1234 3227 1327 3285 καὶ
1354 3222 1763 3301 Κορυδαλλῷ’
1727 3219 1892 3301 αργῦ·
