2259 3500
325 121 422 169 246
709 100 716 107 '
939 120 1306 169 ΉΡοΔοωοα·
1740 121 1920 186 [vm.

325 198 420 257 καὶ
443 197 689 275 Κύπριοι
715 199 808 257 καὶ
835 199 1066 264 Κίλικες
1101 202 1196 260 καὶ
1223 200 1556 277 Πάμφυλοι,
1582 204 1693 262 τῶν
1716 200 1929 279 ὄφελός

232 287 355 345 69⁹
329 312 453 347 εστι
504 285 713 346 οὗδέν.”
817 292 1006 347 Ταῦτα
1057 287 1339 369 λεγούσης
1394 288 1537 367 πρὸς
1589 289 1925 367 Μαρδόνιον,

327 373 455 435 ὅσοι
494 376 608 451 ,μὲν
659 373 807 451 ἦσαν
875 373 1052 435 εὔνοοι
1110 380 1183 453 τῇ
1234 376 1563 456 Ἀρτεμισίῃ
1623 378 1929 455 συμφορήν

327 468 608 524 ἐποιεῦντο
633 488 762 525 τους
787 462 1010 543 λόγους,
1039 461 1108 526 ὥς
1146 462 1315 523 κακόν
1339 490 1395 523 τι
1426 466 1763 541 πεισομένης
1788 466 1929 543 πρός

327 551 620 627 βασιλέος,
667 550 756 611 ὅτι
801 550 900 610 οὐκ
944 554 1010 629 ἐᾷ
1055 552 1367 629 ναυμαχίην
1409 553 1719 625 ποιέεσθαι·
1772 580 1828 611 οι
1868 553 1929 613 δὲ

329 637 656 721 ἀγαιόμενοί
675 666 740 699 τε
766 639 858 698 καὶ
884 639 1216 713 φθονέοντες
1246 638 1404 719 αὐτῇ,
1435 666 1533 699 ατε
1570 646 1628 700 ἐν
1654 640 1929 718 πρώτοισι

325 729 688 805 τετιμημένης
727 727 819 787 δια
858 725 1078 787 πάντων
1116 730 1229 787 τῶν
1267 727 1596 807 συμμάχων,
1633 728 1928 839 ἐτέρποντο

324 818 397 894 τῇ
435 816 605 893 κρίσι,
643 843 714 880 ως
745 814 1127 890 ἀπολεομένης
1160 815 1343 891 αὐτῆς.
1430 818 1549 875 ἐπεὶ
1586 816 1645 875 δὲ
1678 815 1927 896 ἀνηνείχ-

327 903 512 979 θησαν
563 908 623 963 αἶ
674 908 891 985 γνῶμαι
939 907 993 965 ἐς
1037 902 1267 979 Ξέρξεα,
1316 902 1491 978 κάρτα
1542 930 1605 963 τε
1656 902 1813 980 ἥσθη
1856 909 1929 983 τῇ
1952 962 1965 974 ,

326 990 518 1071 γνώμῃ
559 996 660 1067 τῆς
698 990 1072 1067 Ἀρτεμισίης,
1115 990 1211 1047 καὶ
1256 992 1489 1067 νομίζων
1536 993 1615 1051 ἔτι
1656 991 1929 1069 πρότερον

327 1080 640 1155 σπουδαίην
667 1079 823 1147 εἶναι,
849 1078 976 1138 τότε
1001 1081 1203 1155 πολλῷ
1236 1083 1463 1154 μᾶλλον
1489 1080 1653 1139 αἴνεε·
1696 1078 1843 1155 ὅμως
1868 1080 1929 1139 δὲ

326 1170 480 1224 τοῖσι
536 1168 746 1225 πλέοσι
807 1165 1104 1225 πείθεσθαι
1158 1166 1376 1225 ἐκέλευε
1425 1166 1572 1235 τάδε,
1626 1168 1931 1237 καταδόξας

325 1252 469 1330 πρός
491 1256 620 1361 μὲν,ι
621 1252 842 1331 Εὐβοίῃ
869 1253 1054 1328 σφέας
1083 1252 1463 1313 ἐθελοκακέειν
1500 1254 1570 1317 ὥς
1602 1254 1667 1315 οὗ
1698 1255 1928 1331 παρεόν-

326 1366 422 1404 τος
451 1341 638 1403 αὐτοῦ·
679 1340 806 1402 τότε
841 1342 902 1401 δὲ
940 1339 1105 1404 αὖτός
1139 1342 1567 1419 παρεσκεύαστο
1610 1342 1931 1418 θεήσασθαι

326 1431 756 1509 ναυμαχέοντας.

232 1517 308 1576 70
407 1517 634 1594 Ἐπειδὴ
676 1519 736 1577 δὲ
774 1518 1178 1601 παρήγγελλον
1213 1516 1542 1589 αναπλῶειν,
1579 1518 1789 1599 ἀνῆγον
1830 1520 1931 1585 τοὶς

326 1607 462 1681 νῆας
493 1606 586 1667 ἐπὶ
621 1632 726 1683 την
766 1609 1077 1685 Σαλαμῖνα,
1113 1608 1205 1667 καὶ
1245 1608 1665 1685 παρεκρίθησαν
1704 1608 1929 1686 διαταχ-

325 1693 510 1758 θέντες
563 1694 680 1755 κατ’
721 1694 982 1775 ἡσυχίην.
1063 1696 1192 1758 τότε
1236 1697 1342 1773 μέν
1381 1722 1477 1756 νυν
1518 1694 1617 1755 οὐκ
1658 1694 1929 1778 ἐξέχρησέ

326 1789 439 1858 σφι
473 1783 513 1858 ἦ
545 1783 726 1861 ἡμέρη
759 1787 1072 1864 ναυμαχίην
1103 1785 1477 1860 ποιήσασθαι·
1526 1784 1629 1854 νῦξ
1658 1783 1769 1864 γάρ
1808 1790 1928 1843 ἐπε-

323 1872 533 1951 γένετο·
603 1876 656 1932 οἱ
709 1873 769 1931 δὲ
820 1873 1300 1950 παρεσκευάζοντο
1354 1878 1409 1935 ἐς
1458 1871 1563 1948 τήν
1608 1872 1927 1949 ὑστεραίην.

323 1959 453 2023 τούς
498 1959 558 2019 δὲ
601 1959 890 2036 Ἕλληνας
943 1960 1060 2038 εἶχε
1113 1960 1234 2022 δέος
1275 1986 1338 2019 τε
1384 1961 1476 2018 καὶ
1520 1959 1775 2036 ἀρρωδίη,
1826 1959 1929 2019 οὐκ

325 2045 531 2122 ἥκιστα
572 2048 631 2106 δὲ
669 2047 799 2110 τούς
837 2047 951 2106 ‹in-6
993 2047 1462 2122 Πελοποννήσου·
1531 2047 1809 2125 ἀρρώδεον
1847 2047 1922 2121 δὲ,

325 2131 412 2192 ὅτι
447 2133 604 2193 αὐτοὶ
638 2137 742 2211 μὲν
777 2139 836 2194 ἐν
873 2135 1155 2212 Σαλαμῖνι
1192 2134 1489 2211 κατήμενοι
1529 2134 1667 2210 ὖπὲρ
1698 2138 1803 2214 γῆς
1826 2138 1929 2210 τῆς

322 2218 630 2296 Ἀθηναίων
675 2223 1006 2301 ναυμαχέειν
1046 2225 1332 2300 μέλλοιεν·
1394 2221 1704 2298 νικηθέντες
1743 2246 1822 2291 τε,
1868 2227 1929 2281 ἐν

323 2308 477 2388 νήσῳ
517 2307 986 2387 ἀπολαμφθέντες
1025 2310 1504 2388 πολιορκήσονται
1554 2308 1783 2372 ἀπέντες
1824 2307 1929 2385 τήν

325 2399 536 2456 ἐωυτῶν
561 2395 906 2473 ἀφύλακτον.

229 2486 301 2546 71
405 2488 527 2545 Τῶν
573 2485 634 2545 δὲ
685 2485 998 2563 βαρβάρων
1045 2486 1076 2546 ὁ
1117 2486 1283 2558 πεζὰς
1324 2485 1435 2545 ὖπό
1465 2485 1569 2562 τὴν
1601 2487 1927 2562 παρεοῦσαν

321 2572 491 2633 νύκτα
528 2574 818 2651 ἐπορεύετο
856 2575 945 2633 ε’πὶ
980 2572 1086 2650 τὴν
1119 2574 1582 2650 Πελοπόννησον·
1642 2575 1822 2632 καίτοι
1852 2572 1926 2633 τὰ

322 2661 526 2722 δυνατοὶ
557 2661 742 2722 πάντα
779 2660 1184 2740 ἐμεμηχάνητο,
1230 2661 1368 2725 ὅκως
1411 2661 1528 2720 κατ’
1568 2660 1799 2738 ἤπειρον
1840 2658 1925 2736 μή

322 2749 629 2825 ἐσβάλοιεν
656 2753 709 2810 οἱ
734 2750 1040 2827 βάρβαροι.
1127 2749 1199 2812 ὥς
1233 2750 1343 2831 γὰρ
1382 2749 1653 2810 ἐπύθοντο
1678 2748 1925 2826 τάχιστα

322 2838 774 2914 Πελοποννήσιοι
798 2840 925 2902 τούς
952 2837 1102 2914 ἀμφὶ
1127 2837 1402 2896 Λεωνίδεα
1429 2842 1489 2897 ἐν
1514 2836 1925 2913 Θερμοπύλῃσι

319 2927 779 3002 τετελευτηκέναι,
812 2925 1221 3002 συνδραμόντες
1258 2930 1317 2984 ἐκ
1349 2928 1461 2984 τῶν
1494 2924 1707 2983 πολίων
1746 2929 1801 2985 ἐς
1825 2921 1925 2981 τᾶν

318 3009 553 3086 Ἰσθμὸν
581 3014 780 3084 ἵζοντο·
811 3015 907 3072 καί
928 3019 1040 3088 σφι
1068 3016 1209 3086 ἐπ-ἣν
1235 3011 1552 3091 στρατηγός
1580 3010 1922 3086 Κλεόμβρο-

319 3123 415 3161 τος
433 3126 466 3158 ο
484 3098 932 3178 Ἀναξανδρίδεω,
953 3101 1237 3160 Λεωνίδεω
1258 3100 1319 3158 δὲ
1344 3098 1636 3174 ἀδελφεός·
1682 3097 1924 3173 ιζόμενοι

323 3184 382 3242 δὲ
425 3190 483 3244 ἐν
523 3191 600 3265 τῷ
645 3187 858 3268 Ἰσθμῷ
901 3190 994 3249 καὶ
1037 3187 1433 3268 συγχώσαντες
1472 3185 1577 3261 τὴν
1620 3183 1925 3260 Σκιρωνίδα

321 3267 470 3338 Οδὸν,
521 3297 665 3346 μετα
710 3279 896 3344 τοῦτο,
945 3275 1016 3340 ὥς
1061 3280 1179 3350 σφι
1228 3273 1382 3342 ἔδοξε
1434 3272 1922 3347 βουλευομένοισι,
