2259 3500
327 89 392 135 34
939 85 1309 136 ἭΡοΔοῑῑόΤ
1836 87 1929 152 [V.

325 163 587 229 λεύοντος
610 164 936 242 Ἀθηναίων,
957 164 1139 243 ὀρθῶς
1165 163 1235 226 ἂν
1262 163 1565 244 καλέοιτο·)
1592 164 1846 242 δεύτερον
1872 167 1931 229 δὲ

329 252 422 328 καὶ
447 253 651 330 τρίτον,
681 252 776 314 ὅτε
804 253 896 313 ἐπὶ
924 253 1439 330 Πεισιστρατιδέων
1468 251 1731 322 ἐξέλασιν
1758 251 1932 332 ὅρμηκ

325 341 510 403 θέντες
543 346 602 400 ἐκ
632 341 894 418 Σπάρτης
931 341 1217 400 ἀπίκοντο·
1258 341 1523 418 τέταρτον
1563 340 1623 399 δὲ
1652 339 1798 411 τότε,
1838 341 1930 402 ὅτε

323 433 378 491 ἐς
403 428 704 488 Ἐλευσῖνα
730 430 1058 504 Κλεομένης
1098 426 1250 509 ἄγων
1278 429 1776 503 Πελοποννησίους
1809 431 1927 490 ἐσέ-

319 517 492 592 βαλε.
575 515 716 577 οὕτω
761 517 1026 594 τέταρτον
1077 515 1207 576 τότε
1248 517 1486 594 Δωριέες
1534 516 1824 592 ἐσέβαλον
1873 523 1927 581 ἐς

321 602 578 679 Ἀθήνας.

225 690 300 751 77
408 693 784 755 Διαλυθέντος
826 691 901 753 ὧν
941 694 1044 752 τοῦ
1087 690 1305 751 στόλου
1339 690 1540 751 τούτου
1581 689 1808 765 άκλειῖἰς,
1844 698 1921 752 ἐν·

320 780 497 841 θαῦτα
522 779 811 856 Ἀθηναῖοι
834 782 1130 841 τίννυσθαι
1156 778 1518 857 βουλόμενοι,
1541 784 1735 858 πρῶτα
1754 806 1923 857 στρα-

315 867 476 943 τὴΐην
511 872 798 929 ποιεῦνται
842 869 934 927 ἐπὶ
977 867 1317 930 Χαλκιδέας·
1371 868 1606 927 Βοιωτοὶ
1658 867 1719 926 δὲ
1768 870 1923 928 τοῖσι

316 956 666 1016 Χαλκιδεῦσι
690 956 1004 1032 βοηθέουσι
1033 955 1123 1014 ἐπὶ
1150 951 1251 1014 τᾶν
1274 953 1541 1032 Εὔριπον·
1568 954 1923 1031 Ἀθηναίοισι

317 1042 376 1100 δὲ
410 1043 592 1102 ἰδοῦσι
624 1043 755 1106 τούς
789 1042 1041 1119 βοηθοῦς
1078 1041 1229 1110 ἔδοξε
1262 1040 1536 1120 πρότερον
1567 1046 1722 1102 τοῖσι
1749 1049 1917 1103 Βοιω-

314 1134 470 1188 τοῖσι
495 1128 532 1206 ἢ
557 1156 711 1190 τοισι
737 1130 1141 1190 Χαλκιδεῦσι’
1114 1155 1458 1208 επιχειρεειν·
1505 1130 1925 1208 συμβάλλουσί

321 1242 384 1277 τε
420 1217 488 1293 δὴ
525 1221 680 1278 τοῖσι
704 1216 1004 1278 Βοιωτοῖσι
1045 1221 1098 1278 οἱ
1129 1217 1431 1294 Ἀθηναῖοι,
1463 1219 1555 1278 καὶ
1594 1221 1794 1298 πολλῷ
1835 1224 1917 1278 ἐκ-

312 1304 587 1382 ράτησαν·
631 1306 807 1383 κάρτα
850 1307 910 1365 δὲ
952 1304 1207 1370 πολλους
1246 1306 1640 1381 φονεύσαντες,
1686 1306 1916 1366 ἔπτακο·

314 1418 473 1456 σιους
499 1393 680 1454 αὐτῶν
723 1393 1062 1474 ἐζώγρησαν.
1127 1397 1246 1470 τῆς
1272 1393 1331 1453 δὲ
1359 1393 1530 1470 αυτῆς
1554 1420 1758 1470 ταυτης
1783 1394 1915 1471 ημέ-

311 1505 413 1556 ρης
455 1484 508 1540 οἱ
548 1481 837 1558 Ἀθηναῖοι
871 1481 1168 1559 διαβάντες
1214 1486 1268 1546 ἐς
1306 1482 1411 1558 τήν
1454 1481 1725 1558 Εὔβοιαν,
1772 1508 1913 1561 συμ-

311 1567 607 1643 βάλλουσι
648 1569 740 1629 καὶ
776 1574 930 1630 τοῖσι
956 1570 1325 1629 Χαλκιδεῦσι·
1367 1570 1693 1647 νικήσαντες
1726 1571 1785 1630 δὲ
1823 1571 1915 1630 καὶ

309 1655 554 1729 τούτους,
580 1658 1065 1738 τετρακισχιλίους
1092 1657 1439 1736 κληρούχους
1467 1658 1557 1717 ἐπὶ
1597 1662 1708 1719 τῶν
1751 1661 1913 1718 ἱππο-

314 1745 530 1821 βοτέων
561 1752 634 1827 τῇ
671 1745 827 1826 χώρῃ
863 1747 1146 1807 λείπουσι·
1190 1749 1245 1805 οἱ
1275 1745 1335 1805 δὲ
1372 1744 1684 1821 ἱπποβόται
1722 1747 1912 1807 ἐκαλέ·

313 1858 441 1895 οντο
475 1838 528 1895 οἱ
552 1836 758 1914 παχέες
782 1838 893 1894 τῶν
919 1834 1263 1894 Χαλκιδέων·
1306 1833 1475 1897 ὅσους
1501 1834 1560 1893 δὲ
1586 1834 1679 1907 καὶ
1704 1832 1912 1895 τούτων

311 1922 651 2002 ἐζώγρησαν,
678 1919 796 1997 ἅμα
821 1925 974 1981 τοῖσι
1001 1926 1259 1982 Βοιωτῶν
1286 1922 1717 2002 ἐζωγρημένοισι
1758 1922 1911 2001 εἶχον

311 2013 372 2067 ἐν
415 2011 664 2086 φυλακῇ,
705 2012 763 2069 ἐν
804 2008 996 2073 πέδαις
1039 2008 1329 2085 δήσαντες·
1370 2009 1553 2090 χρόνῳ
1596 2010 1655 2069 δὲ
1699 2010 1910 2070 ἔλυσάν

305 2100 492 2171 σφεας
519 2095 745 2172 διμνέως
764 2096 1273 2174 ἅποτιμησάμενοι·
1300 2096 1400 2159 τοὶς
1426 2098 1486 2157 δὲ
1512 2098 1682 2161 πέδας
1708 2096 1906 2169 αὐτῶν,

309 2188 370 2242 ἐν
403 2187 540 2261 τῇσι
591 2183 858 2254 ἐδεδέατο,
902 2184 1291 2262 ἀνεκρέμασαν
1335 2189 1389 2248 ἐς
1429 2184 1533 2260 τὴν
1576 2184 1905 2263 ἀκρόπολιν·

304 2270 468 2348 αἵπερ
513 2271 593 2330 ἔτι
637 2270 730 2329 καὶ
767 2276 821 2334 ἐς
862 2276 960 2350 ἐμὲ
997 2272 1149 2350 ἦσαν
1187 2276 1529 2351 περιεοῦσαι,
1568 2271 1907 2351 κρεμάμεναι

301 2362 364 2417 ἐκ
402 2358 629 2437 τειχέων
655 2362 1229 2439 περιπεφλευσμένων
1256 2361 1390 2440 πυρὶ
1416 2360 1525 2422 ὖπό
1551 2364 1654 2422 τοῦ
1680 2359 1904 2438 Μήδου·

301 2445 489 2508 ἀντίον
521 2446 582 2505 δὲ
611 2452 712 2508 τοῦ
745 2449 994 2530 μεγάρου
1026 2454 1126 2510 τοῦ
1166 2448 1305 2526 πρός
1332 2451 1575 2528 ἕσπέρην
1598 2450 1904 2527 τετραμμέ-

303 2559 402 2594 νου
440 2535 532 2593 καὶ
555 2540 666 2595 τῶν
692 2536 911 2614 λυτρων
935 2536 1040 2613 τήν
1071 2536 1305 2612 δεκάτην
1346 2535 1637 2613 ανέθηκαν,
1663 2537 1901 2613 ποιησά-

295 2646 454 2699 μενοι
493 2624 801 2700 τέθριππον
841 2624 1228 2703 χάλκεον·τό
1273 2624 1333 2683 δε
1386 2622 1685 2702 αριστερῆς
1735 2624 1903 2703 χερός

301 2710 503 2786 ἔστηκε
545 2738 768 2789 πρωτον
811 2711 1022 2773 ἐσιόντι
1063 2718 1119 2775 ἐς
1159 2738 1231 2771 τα
1269 2709 1595 2789 προπύλαια
1629 2738 1701 2772 τα
1736 2717 1795 2773 ἐν
1828 2714 1901 2789 τῇ

299 2797 595 2875 ἀκροπόλι,
639 2801 1041 2881 ἐπιγέγραπται
1083 2800 1147 2860 δέ
1186 2802 1241 2859 οἱ
1279 2798 1431 2859 τάδε·

444 2930 624 2980 Ἕθνεα
658 2932 880 2980 Βοιωτῶν
913 2933 993 2980 καὶ
1027 2932 1308 2981 Χαλκιδέων
1342 2931 1641 2991 δαμάσαντες

521 3006 687 3054 παῖδες
709 3004 985 3063 Ἀθηναίων,
1007 3006 1243 3067 ἔργμασιν
1274 3006 1323 3053 ἐν
1358 3004 1585 3065 πολέμου,

451 3079 616 3137 δεσμῷ
637 3078 688 3125 ἐν
723 3077 980 3137 ἀχλυόεντι
1013 3078 1218 3139 σιδηρέῳ
1252 3076 1463 3139 ἔσβεσαν
1497 3076 1648 3139 ὕβριν·

519 3153 616 3199 τῶν
651 3150 825 3198 ἵππους
858 3149 1059 3209 δεκάτην
1091 3150 1321 3199 Παλλάδι
1352 3149 1493 3199 τάσδ’
1525 3151 1709 3198 ἔθεσαν·

195 3254 271 3311 ¹⁷53
286 3254 573 3334 Ἀθηναῖοι
617 3262 722 3337 μέν
767 3285 867 3322 νυν
903 3259 1161 3338 ηὔξηντο.
1244 3261 1413 3337 δηλοῖ
1454 3260 1515 3319 δὲ
1564 3258 1631 3318 οὗ
1673 3256 1793 3322 κατ’
1834 3257 1894 3315 ἓν

2223 2316 2245 2417 „it-Q
2243 2254 2244 2257 „
2243 2174 2244 2187 ⁴
2243 2120 2244 2153 ⁴⁴
2243 2020 2244 2047 μ
