2259 3500
363 109 584 178 73-76]
985 107 1393 158 ΤΕΡΨῙΧΟΡΗ.
1410 103 1419 111 ”
1908 111 1973 157 33

362 193 466 266 μὲν
513 190 582 266 δὴ
621 187 962 253 α’πελθόιτες
1001 193 1058 252 ἐς
1101 187 1209 265 τήν
1249 192 1475 262 ε’ωυτῶν,
1504 188 1683 252 αἰτίας
1720 185 1975 269 μεγάλας

365 279 532 358 εἶχον.

447 365 773 443 Κλεομένης
826 365 886 425 δὲ
939 366 1309 443 ἐπιστάμενος
1363 363 1767 441 περιϋβρίσθαι
1810 363 1971 423 ἔπεσι
1988 367 2067 426 74

365 454 458 514 καὶ
484 454 700 536 ἔργοισι
738 452 831 512 ὑπ’
871 451 1198 530 Ἀθηναίων,
1227 454 1496 533 συνέλεγε
1538 457 1599 511 ἐκ
1638 451 1831 527 πάσης
1858 459 1968 512 Πε-

363 541 722 618 λοποννήσου
771 541 1034 620 στρατὸν,
1084 540 1150 602 οὖ
1195 541 1420 619 φραζων
1468 546 1524 603 ἐς
1566 566 1633 600 το
1678 543 1969 620 συλλέγει,

362 631 642 691 τίσασθαί
674 655 738 690 τε
781 628 986 690 ἐθέλων
1025 628 1126 689 τὸν
1160 629 1339 705 δῆμον
1370 633 1482 688 τῶν
1518 627 1843 703 Ἀθηναίων,
1870 629 1965 687 καὶ

362 716 668 799 Ἰσαγόρην
692 717 1045 794 βουλόμενος
1073 716 1345 793 τύραννον
1372 720 1749 792 καταστῆσαι·
1776 717 1967 787 συνεξ-

363 807 506 881 ἦλθε
546 806 657 888 γάρ
691 810 745 866 οἱ
779 804 942 870 οὗτος
979 811 1040 864 ἐκ
1066 809 1169 881 τῆς
1196 803 1555 882 ἀκροπόλιος.
1640 804 1969 882 Κλεομένης

363 919 426 954 τε
457 893 525 970 δή
563 895 752 974 στόλῳ
787 893 1017 974 μεγάλῳ
1053 894 1304 970 ἐσέβαλε
1337 897 1393 956 ἐς
1423 891 1743 961 Ἐλευσῖνα,
1772 892 1865 951 καὶ
1906 895 1961 952 οἶ

364 983 600 1043 Βοιωτοὶ
625 983 736 1043 οἷπό
765 982 1120 1059 συνθήματος
1140 981 1347 1056 Οἰνόην
1362 981 1617 1057 αἱρέουσι
1638 979 1729 1038 καὶ
1748 978 1962 1050 Ὺσισῖς,

365 1069 571 1147 δήμους
609 1071 738 1134 τούς
777 1071 1052 1149 ἐσχάτους
1091 1074 1195 1145 τῆς
1229 1068 1506 1144 Ἀττικῆς·
1556 1067 1861 1130 Χαλκιδέες
1902 1093 1966 1128 τε

365 1160 455 1217 ἐπὶ
493 1159 565 1219 τοὶ
605 1160 764 1236 ἔτερα
804 1159 1056 1219 ἐσίνοντο
1093 1157 1338 1220 ἐπιόντες
1372 1155 1633 1238 [χώρους]
1668 1160 1769 1232 τῆς
1800 1153 1977 1215 Ἀττι-

366 1249 482 1322 κῆς.
534 1246 822 1322 Ἀθηναῖοι
849 1247 924 1317 δὲ,
954 1247 1153 1323 καίπερ
1180 1244 1511 1322 ἀμφιβολίῃ
1532 1243 1806 1323 ἐχόμενοι,
1836 1249 1965 1303 Βοι-

365 1340 514 1394 ωτῶν
539 1338 644 1412 μὲν
663 1336 753 1394 καὶ
775 1335 1101 1395 Χαλκιδέων
1127 1339 1183 1397 ἐς
1208 1332 1446 1410 ὕστερον
1472 1333 1714 1409 ἔμελλον
1737 1331 1964 1410 μνήμην

363 1421 723 1498 ποιήσεσθαι·
754 1423 1277 1499 Πελοποννησίοισι
1297 1421 1373 1490 δὲ,
1396 1424 1553 1480 εὀὓσι
1580 1425 1641 1481 ἐν
1657 1419 1961 1490 Ἐλευσῖνι,

365 1508 526 1568 α’,ντία
553 1511 738 1571 ἔθεντο
763 1511 834 1570 τοὶ
862 1510 1035 1570 ὅπλα.
1118 1509 1465 1570 Μελλόντων
1502 1509 1563 1568 δὲ
1593 1508 1864 1586 συνάψειν
1889 1507 1961 1570 ‘ra‘
1979 1511 2055 1570 75

367 1598 722 1674 στρατόπεδα
749 1603 803 1660 ἐς
829 1598 1035 1677 μάχην,
1057 1599 1351 1676 Κορίνθιοι
1375 1600 1479 1674 μὲν
1498 1601 1709 1674 πρῶτοι
1726 1597 1841 1674 σφὶ
1866 1595 1961 1656 αὖ·

364 1687 519 1743 τοῖσι
545 1685 730 1748 δόντες
748 1685 925 1767 λόγον
955 1685 1024 1748 ὥς
1051 1684 1116 1744 οὗ
1142 1689 1354 1746 ποιοῖεν
1372 1685 1445 1745 τσῖ
1466 1685 1665 1756 δίκαια,
1682 1684 1962 1762 μετεβάλ-

365 1773 537 1833 λοντό
560 1798 622 1833 τε
649 1774 741 1832 καὶ
772 1773 1242 1834 ἀπαλλάσσοντο·
1283 1774 1427 1851 μετοὶ
1463 1774 1539 1843 δὲ,
1567 1772 1905 1850 Δημάρητος
1929 1773 1961 1835 ὅ

362 1858 713 1938 Ἀρίστωνος,
750 1862 854 1922 ε’ὢν
894 1862 986 1921 καὶ
1031 1859 1193 1926 οὗτος
1232 1861 1515 1938 βασιλεῦς
1554 1861 1959 1937 Σπαρτιητέων,

364 1950 454 2007 καὶ
485 1950 878 2032 συνεξαγαγών
916 1976 980 2010 τε
1008 1949 1113 2027 τήν
1148 1949 1419 2027 στρατιὴν
1456 1954 1516 2009 ἐκ
1547 1949 1962 2026 Λακεδαίμονος

364 2037 454 2096 καὶ
480 2036 579 2097 οὐκ
607 2038 709 2099 ἐῶν
734 2038 1004 2116 διάφορος
1031 2044 1088 2098 ἐν
1111 2042 1191 2117 τῷ
1216 2038 1467 2116 πρόσθεν
1499 2038 1681 2117 χρόνῳ
1706 2038 1961 2116 Κλεομέ-

363 2132 459 2183 νεΐ·
503 2126 638 2206 (dn-<3
667 2127 727 2185 δὲ
751 2125 956 2202 ταύτης
980 2130 1082 2201 τῆς
1108 2126 1477 2205 διχοστασίης
1503 2124 1663 2203 ἐτέθη
1691 2125 1862 2202 νόμος
1901 2132 1960 2186 ἐν

363 2213 609 2293 Σπάρτῃ,
637 2215 718 2292 μή
747 2215 948 2285 ἐξεῖναι
977 2215 1215 2276 ἔπεσθαι
1256 2214 1607 2292 ἀμφοτέρους
1632 2214 1763 2277 τούς
1786 2217 1957 2291 βασι-

360 2305 504 2377 λῆας
541 2302 796 2379 ἐξιούσης
838 2306 941 2379 τῆς
982 2307 1270 2380 στρατιῆς·
1316 2304 1450 2366 τέως
1490 2303 1600 2383 γὰρ
1642 2302 1955 2381 ἀμφότεροι

362 2389 606 2448 εἵποντο·
648 2391 1076 2467 παραλυομένου
1104 2392 1165 2449 δὲ
1188 2390 1397 2451 τούτων
1427 2395 1529 2450 τοῦ
1562 2391 1767 2468 ἑτέρου,
1796 2417 1959 2451 κατα-

360 2476 659 2537 λείπεσθαι
686 2478 778 2536 καὶ
803 2482 914 2537 τῶν
938 2478 1310 2556 Τυνδαριδέων
1333 2477 1433 2538 τὸν
1468 2480 1673 2555 ἕτερον·
1714 2479 1825 2556 πρὸ
1856 2482 1958 2538 τοῦ

358 2562 468 2643 γὰρ
498 2562 566 2640 δή
604 2566 696 2625 καὶ
727 2562 880 2626 οὗτοι
917 2564 1247 2643 ἀμφότεροι,
1276 2566 1571 2641 ἐπίκλητοί
1606 2573 1719 2642 σφι
1754 2566 1950 2638 ἐόντες,

362 2650 625 2733 εἴποντο·)
665 2654 794 2715 τότε
821 2653 888 2730 δή
918 2659 975 2715 ἐν
1001 2658 1074 2733 τῇ
1099 2653 1385 2714 Ἐλευσῖνι
1401 2654 1661 2732 ὁρέωντες
1680 2658 1734 2713 οἱ
1758 2656 1956 2716 λοιποὶ

357 2741 468 2797 τῶν
495 2741 808 2821 συμμάχων
833 2742 962 2804 τούς
984 2766 1048 2801 τε
1064 2743 1361 2818 βασιλῆας
1377 2748 1487 2802 τῶν
1506 2744 1955 2821 Λακεδαιμονίων

360 2824 460 2885 οὐκ
508 2827 924 2910 ὁμολογέοντας
978 2831 1070 2889 καὶ
1111 2831 1443 2907 Κορινθίους
1485 2832 1813 2894 ἐκλιπόντας
1850 2831 1957 2908 τήν

356 2912 532 2984 τάξιν,
562 2917 784 2995 οἴχοντο
813 2918 904 2976 καὶ
941 2916 1098 2978 αὐτοὶ
1138 2916 1669 2997 ἀπαλλασσόμενοι.
1751 2919 1950 2997 Τέταρ-
1968 2919 2047 2999 76

354 3028 455 3062 τον
487 3002 556 3079 δὴ
591 3009 758 3065 τοῦτο
789 3006 883 3067 ἐπὶ
917 3005 1020 3082 τὴν
1045 3004 1307 3081 Ἀττικὴν
1344 3006 1670 3083 ἀπικόμενοι
1702 3008 1955 3085 Δωριέες,

357 3097 438 3161 δίς
461 3124 524 3158 τε
551 3100 641 3158 ἐπὶ
668 3102 898 3181 πολέμῳ
925 3101 1271 3177 ἐσβαλόντες
1298 3103 1389 3161 καὶ
1416 3103 1498 3165 δὶς
1523 3102 1607 3161 ἐπ’
1636 3101 1828 3183 ἀγαθῷ
1853 3106 1953 3162 τοῦ

354 3186 601 3265 πλήθεος
644 3192 745 3249 τοῦ
780 3188 1106 3267 Ἀθηναίων·
1154 3195 1373 3268 πρῶτον
1415 3192 1535 3266 μὲν,
1574 3188 1667 3248 ὅτε
1711 3190 1802 3247 καὶ
1834 3192 1951 3249 Μέ-

351 3300 502 3356 γαρα
529 3278 875 3340 κατοίκισαν·
906 3276 1091 3356 (οὗτος
1115 3278 1150 3339 ὅ
1178 3277 1405 3347 στόλος,
1422 3276 1513 3336 ἐπὶ
1531 3276 1755 3352 Κόδρου
1778 3278 1951 3353 βασι-
