2259 3500
346 98 625 161 153—156]
985 98 1358 149 HOATMNIA.
1845 102 1940 151 183

342 178 594 238 τούτοισι
616 181 769 237 τοῖσι
795 178 1102 253 πολέμοισι
1128 177 1230 237 ε’ὣν
1259 178 1288 237 ὁ
1317 180 1505 239 Γέλων
1525 180 1940 257 λαμπρότατος·

341 270 451 326 τῶν
496 266 554 324 δὲ
603 266 757 324 εἶπον
800 265 1027 339 πολίων,
1072 267 1308 325 τουτέων
1349 266 1502 341 πλὴν
1545 268 1940 344 Συρηκουσέων

344 353 571 431 οὐδεμία
624 354 868 432 πέφευγε
929 352 1276 429 δουλοσύνην
1335 353 1473 430 πρὸς
1527 354 1941 431 Ἱπποκράτεος·

344 440 751 517 Συρηκουσίους
787 441 845 497 δὲ
881 441 1175 517 Κορίνθιοί
1201 468 1262 499 τε
1296 442 1388 499 καὶ
1424 446 1758 519 Κερκυραῖοι
1791 441 1941 520 ἐρρύ-

343 554 517 587 σαντο
542 528 699 606 μάχῃ
729 528 1076 591 ἑσσωθέντας
1105 529 1196 587 ἐπὶ
1222 533 1455 608 ποταμῷ
1479 529 1724 609 Ἐλώρῳ.
1794 531 1942 607 ἐρρύ-

342 643 517 677 σαντο
560 617 618 675 δὲ
660 614 813 675 οὗτοι
855 616 945 675 ἐπὶ
984 617 1178 676 τοῖσδε
1216 616 1680 691 καταλλάξαντες,
1724 617 1806 677 ἐπ’
1840 616 1942 697 ᾧτε

340 702 694 781 Ἱπποκράτεϊ
742 703 1073 781 Καμάριναν
1123 706 1534 781 Συρηκουσίους
1581 706 1939 782 παραδοῦναι·

346 793 735 868 Συρηκουσίων
764 791 822 849 δὲ
854 790 923 866 ἦν
951 791 1254 868 Καμάρινα
1278 792 1343 851 τὸ
1375 791 1628 871 ἀρχαῖον.
1711 793 1808 857 Ὡς
1845 795 1902 852 δὲ
1924 797 2038 855 155

346 879 436 937 καὶ
461 878 833 955 Ἱπποκράτεα
857 879 1300 956 τυραννεύσαντα
1327 881 1428 939 ἶσα
1448 881 1570 939 ἔτεα
1596 886 1672 959 τῷ
1690 880 1944 959 ἀδελφεῷ

346 967 647 1045 Κλεάνδρῳ
695 967 980 1041 κατέλαβε
1028 966 1327 1028 ἀποθανεῖν
1375 968 1514 1045 πρός
1555 968 1692 1028 πόλι
1729 968 1942 1049 “Υβλῃ,

344 1054 831 1131 στρατευσάμενον
853 1055 943 1113 ἐπὶ
970 1055 1097 1117 τούς
1126 1055 1408 1127 Σικελοῦς,
1433 1055 1572 1116 οὕτω
1600 1056 1668 1132 δή
1697 1056 1730 1116 ὅ
1757 1058 1944 1116 Γέλων
1985 1048 1992 1055 ’

342 1147 418 1222 τῷ
435 1142 588 1223 λόγῳ
616 1143 895 1219 τιμωρέων
922 1146 1072 1201 τοῖσι
1097 1142 1496 1221 Ἱπποκράτεος
1523 1145 1687 1203 παισὶ
1713 1144 1940 1204 Εὗκλεί-

346 1230 410 1309 δῃ
437 1258 499 1290 τε
533 1231 623 1289 καὶ
656 1230 976 1309 Κλεάνδρῳ,
1008 1229 1071 1288 οὗ
1104 1232 1468 1307 βουλομένων
1493 1237 1602 1292 τῶν
1636 1234 1942 1308 πολιητέων

346 1319 625 1394 κατηκόων
668 1321 746 1377 ἔτι
790 1318 945 1387 εἶναι,
986 1322 1065 1397 τῷ
1100 1320 1254 1397 ἔργῳ,
1297 1318 1366 1381 ὥς
1408 1318 1749 1397 ἐπεκράτησε
1788 1321 1944 1399 μάχῃ

344 1410 453 1466 τῶν
486 1406 733 1476 Γελώων,
770 1406 910 1484 ἦρχε
952 1405 1118 1469 αὐτὸς
1161 1406 1553 1484 ἀποστερήσας
1589 1408 1715 1470 τούς
1754 1407 1942 1467 Ἱππο-

348 1493 573 1570 κράτεος
626 1494 869 1556 παῖδας·.
898 1494 1042 1571 μετὰ
1094 1493 1154 1552 δὲ
1207 1497 1373 1553 τοῦτο
1426 1494 1492 1553 τό
1547 1494 1774 1571 εὕρημα,
1818 1496 1946 1559 τούς

344 1578 623 1661 γαμόρους
656 1583 1025 1658 καλεομένους
1050 1586 1160 1641 τῶν
1189 1583 1576 1658 Συρηκουσέων
1611 1581 1944 1647 ἐκπεσόντας

344 1668 454 1727 ὑπό
481 1695 543 1727 τε
573 1674 672 1727 τοῦ
702 1669 879 1746 δήμου
914 1671 1005 1729 καὶ
1037 1673 1147 1730 τῶν
1175 1669 1461 1746 σφετέρων
1490 1669 1700 1728 δούλων
1727 1670 1944 1749 (καλεο-

290 1785 298 1793 ·
334 1759 521 1834 μένων
561 1757 620 1816 δὲ
655 1760 1009 1840 Κυλλυρίων)
1046 1757 1078 1819 ὅ
1120 1758 1311 1818 Γέλων
1355 1758 1680 1838 καταγαγὼν
1717 1757 1946 1822 τούτους

346 1851 405 1904 ἐκ
449 1848 751 1923 Κασμένης
791 1847 989 1912 πόλιος
1030 1853 1083 1910 ἐς
1124 1847 1226 1910 τάς
1269 1846 1644 1923 Συρηκούσας,
1677 1848 1813 1925 ἔσχε
1855 1849 1946 1906 καὶ

342 1933 564 1998 ταύτας·
622 1934 655 1994 ὁ
699 1935 809 2016 γάρ
854 1936 1027 2013 δῆμος
1069 1935 1101 1995 ὅ
1145 1939 1254 1996 τῶν
1305 1935 1694 2012 Συρηκουσέων
1739 1935 1946 1995 ἐπιόντι

344 2025 553 2083 Γέλωνι
600 2025 896 2101 παραδιδοῖ
936 2024 1040 2099 τὴν
1081 2024 1251 2083 πόλιν
1295 2023 1386 2082 καὶ
1437 2023 1650 2083 ἑωυτόν.
1733 2021 1800 2082 ‘O
1846 2024 1904 2082 δὲ
1925 2026 2038 2085 156

345 2112 469 2170 ἐπεί
498 2138 559 2171 τε
597 2113 894 2189 παρέλαβε
930 2111 1029 2175 τοὶς
1068 2111 1443 2189 Συρηκούσας,
1479 2112 1660 2186 Γέλης
1693 2113 1797 2188 μὲν
1833 2117 1945 2172 ἐπι-

345 2201 585 2276 κρατέων
632 2199 807 2280 λόγον
851 2200 1082 2260 ἐλάσσω
1128 2200 1390 2270 ἐποιέετο,
1437 2201 1733 2277 ἐπιτρέψας
1776 2199 1947 2275 αὐτὴν

342 2286 547 2362 Ἱέρωνι
576 2287 833 2366 ἀδελφεῷ
862 2291 1081 2346 ἑωυτοῦ·
1124 2287 1156 2346 ὁ
1184 2287 1243 2346 δὲ
1269 2287 1369 2349 τὰς
1406 2287 1764 2364 Συρηκούσας
1793 2288 1946 2365 ἐκρά-

344 2399 489 2442 τυνε,
511 2374 603 2430 καὶ
630 2372 778 2448 ἦσαν
804 2373 1025 2434 ἅπαντά
1054 2377 1107 2434 οἱ
1136 2375 1507 2452 Συρήκουσαι.
1571 2379 1628 2434 αἵ,
1645 2377 1714 2453 ,δὲ
1739 2403 1943 2452 παραυ-

344 2461 473 2518 τίκα
500 2459 604 2518 άνά
628 2459 676 2520 τ’
705 2461 941 2539 ἔδραμον
969 2463 1061 2520 καὶ
1092 2462 1470 2538 οἷνέβλαστον·
1510 2467 1676 2522 τοῦτο
1711 2466 1812 2540 μὲν
1837 2464 1944 2544 γὰρ

328 2549 763 2624 ΔΚαμαριναιόυς
803 2548 1049 2612 ἅπαντας
1090 2555 1146 2614 ἐς
1184 2550 1283 2613 τοὶς
1325 2550 1683 2626 Συρηκούσας
1723 2551 1946 2632 άγαγῶν

345 2633 622 2710 πολιήτας
650 2638 895 2712 ἐποίησε,
918 2637 1248 2716 Καμαρίνης
1276 2639 1334 2696 δὲ
1360 2638 1425 2700 τιὸ
1449 2638 1591 2697 ἄστυ
1609 2639 1943 2716 κατέσκαψε·

346 2726 512 2782 τοῦτο
560 2723 619 2782 δὲ
674 2724 906 2785 Γελῶων
950 2724 1328 2802 ὑπερημίσεας
1379 2730 1490 2786 τῶν
1541 2725 1728 2784 σ’,στῶν
1772 2723 1946 2784 τῶυτό

346 2813 500 2869 τοῖσι
537 2814 979 2890 Καμαριναίοισι
1013 2813 1266 2888 ἐποίησε·
1308 2815 1604 2894 Μεγαρέας
1638 2837 1700 2872 τε
1730 2811 1858 2874 τοῦς
1891 2817 1948 2872 ἐν

298 2893 303 2898 ’
349 2899 593 2980 Σικελίῃ,
634 2901 703 2964 ὥς
738 2902 1196 2980 πολιορκεόμενοι
1233 2906 1286 2963 ἐς
1323 2900 1630 2980 ὁμολογίην
1661 2900 1948 2978 προσεχώ-

346 3012 545 3063 ρησαν,
573 2989 702 3052 τοῦς
727 2991 829 3066 μὲν
857 2991 1034 3050 αὐτῶν
1059 2989 1290 3068 παχέας,
1318 2987 1756 3064 ἀειραμένους-τε
1781 2986 1949 3045 πόλε-

324 3100 454 3151 -μον
480 3073 625 3156 αὐτῷ
656 3079 747 3136 καὶ
780 3078 1223 3156 προσδοκέοντας
1262 3069 1609 3135 ἀπολέεσθαι
1645 3073 1734 3131 διὰ
1764 3077 1947 3144 τοῦτο,

347 3163 515 3246 ὅγωνὺ
533 3170 588 3231 ἐς
622 3165 723 3230 ‘rufis-
762 3165 1121 3244 Συρηκούσας
1157 3163 1430 3239 πολιήτας
1463 3160 1710 3236 ἐποίησε·
1751 3161 1849 3220 τόν
1889 3162 1949 3220 δὲ

346 3250 525 3331 δῆμον
549 3261 661 3318 τῶν
688 3255 1010 3336 Μεγαρέων,
1040 3251 1139 3313 οὐκ
1167 3251 1327 3311 ἐόντα
1351 3249 1632 3324 μεταίτιον
1657 3253 1756 3308 τοῦ
1782 3251 1947 3310 πολέ-
