2259 3500
363 120 581 185 82-86]
953 117 1361 168 mnrwxopn.
1908 123 1967 172 37

360 199 619 278 μάλιστά
648 225 720 276 κη
748 199 862 260 ‹in-6
889 201 992 275 τῆς
1016 199 1217 262 πόλιος
1246 198 1317 262 ὥς
1345 199 1525 259 εἴκοσι
1566 199 1780 279 ἀπέχει·
1826 201 1966 276 ἱδρυ-

363 289 602 366 σάμενοι
642 288 702 347 δὲ
743 291 802 347 ἐν
826 286 1004 365 τούτῳ
1029 290 1107 365 τῷ
1132 285 1311 366 χώρῳ,
1342 289 1581 366 θυσίῃσί
1603 289 1667 346 τέ
1694 295 1849 362 σφεα
1878 291 1969 348 καὶ

361 380 590 455 χοροῖσι
614 375 988 457 γυναικηΐοισι
1016 374 1339 452 κερτόμοισι
1362 375 1682 445 ἱλάσκοντο,
1712 381 1969 456 χορηγῶν

363 463 836 540 ἀποδεικνυμένων
872 465 1102 541 ἑκατέρῃ
1136 467 1245 522 τῶν
1277 462 1549 539 δαιμόνων
1576 463 1709 530 δέκα
1733 462 1965 538 ἀνδρῶν·

365 556 542 614 κακῶς
584 553 644 610 δὲ
683 550 956 632 ἠγόρευον
991 553 1046 610 οἶ
1078 550 1243 628 χοροὶ
1278 549 1449 627 ἄνδρα
1482 554 1585 626 μὲν
1622 550 1832 621 οὐδένα,
1871 551 1969 614 τάς

365 639 424 698 δὲ
467 640 765 718 ἐπιχωρίας
805 643 1086 720 γυναῖκας.
1170 637 1321 714 ἦσαν
1370 638 1429 698 δὲ
1476 639 1567 698 καὶ
1613 643 1767 698 τοῖσι
1812 638 1964 698 Ἑπι-

365 727 642 804 δαυρίοισι
670 729 728 787 αἶ
754 731 1005 787 τοιαῦται
1034 726 1292 808 ἱροργίαι·
1322 728 1432 785 εἰσὶ
1460 727 1521 785 δέ
1547 733 1659 802 σφι
1688 726 1779 784 καὶ
1802 726 1964 804 ἄρρη-

364 841 454 874 τοι
473 819 730 896 ἷροργίαι.
787 815 1167 890 Κλεφθέντων
1194 815 1255 872 δὲ
1278 815 1448 874 τῶνδε
1472 818 1581 874 τῶν
1610 814 1962 894 ἀγαλμάτων,
1984 819 2059 874 84

368 905 423 960 οἱ
458 901 802 979 Ἐπιδαύριοι
843 905 996 961 τοῖσι
1034 900 1388 976 Ἀθηναίοισι
1422 901 1493 962 τά
1533 902 1827 961 συνέθεντο
1869 901 1965 960 οὐκ

367 991 678 1049 ἐπετέλεον·
719 992 1038 1068 πέμψαντες
1073 989 1132 1047 δὲ
1170 992 1223 1048 οἱ
1249 988 1536 1064 Ἀθηναῖοι
1564 988 1787 1065 ἐμήνιον
1813 993 1967 1047 τοῖσι

365 1076 792 1154 Ἐπιδαυρίοισι·
837 1080 890 1136 οἱ
935 1077 994 1136 δὲ
1035 1076 1349 1153 ἀπέφαινον
1394 1076 1547 1156 λόγῳ
1592 1075 1661 1139 ὥς
1706 1075 1807 1135 οὔκ
1854 1076 1964 1136 ἀδι-

367 1169 534 1226 κοῖεν·
577 1165 717 1226 ὅσον
747 1168 851 1242 μὲν
886 1164 996 1244 γάρ
1029 1164 1236 1243 χρόνον
1274 1165 1425 1244 εἶχον
1458 1164 1529 1224 τοὶ
1564 1164 1869 1246 ἀγάλματα
1912 1168 1969 1223 ἐν

361 1258 437 1332 τῇ
465 1253 637 1332 χώρῃ,
675 1254 977 1314 ἐπιτελέειν
1012 1253 1084 1313 τά
1123 1253 1440 1313 συνέθεντο·
1485 1254 1604 1312 ἐπεὶ
1642 1255 1701 1312 δὲ
1741 1257 1963 1330 ἐστερῆ-

367 1342 504 1400 σθαι
545 1341 749 1412 αὖτῶν,
781 1339 846 1400 οὗ
895 1341 1106 1400 δίκαιον
1148 1341 1287 1400 εἶναι
1328 1339 1635 1417 ἀποφέρειν
1679 1337 1776 1411 ἔτι,
1816 1339 1967 1399 ἀλλά

365 1428 495 1492 τοὺς
522 1430 750 1507 ἔχοντας
784 1429 926 1488 αὖτά
952 1428 1255 1511 Αἰγινήτας
1286 1428 1654 1505 πρήσσεσθαι
1693 1431 1964 1488 ἐκέλευον.

367 1516 508 1591 πρός
531 1521 708 1575 ταῦτα
730 1515 1019 1592 Ἀθηναῖοι
1041 1523 1095 1579 ἐς
1111 1517 1345 1598 Αἴγιναν
1364 1518 1683 1595 πέμψαντες
1704 1516 1966 1576 ἀπαίτεον

367 1601 442 1661 ro}
465 1601 788 1683 ἀγάλματα·
832 1607 886 1661 οἱ
912 1603 970 1661 δὲ
996 1608 1289 1685 Αἰγινῆται
1317 1606 1555 1680 ἔφασαν,
1586 1607 1763 1679 σφίσι
1788 1631 1849 1663 τε
1874 1606 1966 1663 καὶ

367 1687 728 1765 Ἀθηναίοισι
749 1689 887 1751 εἶναι
915 1690 1072 1751 οὐδὲν
1095 1695 1348 1774 πρῆγμα.
1430 1692 1717 1768 Ἀθηναῖοι
1744 1693 1845 1769 μέν
1874 1719 1968 1753 νυν
1985 1695 2061 1751 85

367 1778 606 1859 λέγουσι
648 1779 790 1856 μετά
831 1779 934 1857 τῆν
980 1778 1287 1857 ἀπαίτησιν
1326 1781 1719 1855 ἀποσταλῆναι
1756 1780 1967 1857 τριήρεϊ

367 1870 472 1945 μιῇ
506 1869 618 1927 τῶν
651 1866 858 1937 ἀστῶν,
885 1866 1114 1931 τούτους
1152 1868 1206 1927 οἳ
1241 1868 1702 1945 ἀποπεμφθέντες
1730 1866 1842 1927 ἀπό
1869 1873 1972 1927 ros·

369 1957 556 2013 κοινοῦ
583 1956 674 2013 καὶ
703 1955 1030 2031 ἀπικόμενοι
1060 1960 1114 2018 ἐς
1141 1956 1389 2037 Αἴγιναν,
1417 1956 1489 2016 τά
1516 1956 1816 2037 ἀγάλματα
1843 1958 1967 2015 ταΰ-

367 2067 438 2101 τα
465 2042 536 2105 ὥς
561 2044 852 2119 σφετέρων
889 2043 1069 2112 ξύλων
1105 2043 1268 2105 ἐόντα
1304 2049 1598 2121 ἐπειρῶντο
1631 2049 1691 2102 ἐκ
1723 2047 1833 2103 τῶν
1863 2043 1967 2119 βά-

370 2130 514 2206 θρων
541 2131 880 2203 ἐξανασπᾶν,
915 2130 1004 2191 ἵνα
1029 2131 1188 2206 σφέα
1214 2130 1675 2208 ἀνακομίσωνται·
1722 2130 1785 2189 οὗ
1814 2132 1968 2190 &vva-

365 2218 565 2290 μένους
591 2218 651 2277 δὲ
676 2218 852 2296 τούτῳ
879 2221 954 2297 τῷ
980 2218 1169 2297 τρόπῳ
1197 2218 1377 2278 αὐτῶν
1412 2224 1703 2296 κρατῆσαι,
1734 2220 1965 2295 περιβα-

367 2304 572 2367 λόντας
592 2307 818 2383 σχοινία
839 2306 1020 2366 ἕλκειν
1045 2304 1118 2366 τά
1139 2305 1459 2386 ἀγάλματα·
1490 2307 1585 2364 καί
1608 2314 1719 2381 σφι
1742 2308 1972 2365 ἕλκουσι

368 2391 620 2467 βροντήν
637 2417 700 2451 τε
729 2392 820 2450 καὶ
847 2392 964 2469 ἅμα
990 2396 1062 2470 τῇ
1087 2394 1309 2472 βροντῇ
1334 2393 1577 2470 σεισμόν
1598 2393 1969 2474 ἐπιγενέσθαι·

370 2478 500 2541 τούς
536 2478 595 2537 δὲ
627 2479 910 2555 τριηρίτας
936 2479 1066 2543 τοῦς
1103 2481 1367 2543 ἕλκοντας
1391 2479 1501 2540 ὑπὸ
1535 2482 1770 2540 τουτέων
1798 2480 1969 2539 ἀλλο-

372 2570 676 2641 φρονῆσαι·
703 2566 986 2631 παθόντας
1013 2568 1074 2627 δὲ
1095 2571 1281 2639 τοῦτο,
1307 2568 1533 2628 κτείνειν
1562 2568 1849 2643 ἀλλήλους
1877 2569 1972 2627 ἅτε

371 2653 674 2729 πολεμίους
713 2659 766 2717 ἐς
793 2654 826 2714 ὃ
854 2660 914 2713 ἐκ
945 2654 1167 2713 πάντων
1200 2655 1297 2714 ἕνα
1333 2657 1637 2731 λειφθέντα
1670 2656 1969 2732 ἀνακομισ-

373 2740 539 2813 θῆναι
581 2740 747 2803 αὗτόν
791 2747 846 2805 ἐς
871 2740 1151 2818 Φάληρον.
1237 2740 1525 2818 Ἀθηναῖοι
1563 2744 1666 2820 μέν
1697 2770 1793 2803 νυν
1830 2744 1968 2801 οὕτω
1990 2745 2063 2799 86

371 2827 609 2907 λέγουσι
653 2830 936 2909 γενέσθαι.
1019 2834 1317 2910 Αἰγινῆται
1359 2830 1434 2901 δὲ,
1474 2831 1538 2889 οὐ
1581 2836 1683 2909 μιῇ
1726 2832 1815 2906 νηὶ·
1848 2828 1971 2888 ἀπι-

373 2914 576 2975 κέσθαι
597 2914 942 2993 Ἀθηναίους·
982 2918 1118 2994 μίαν
1144 2920 1247 2995 μὲν
1271 2918 1383 3000 γάρ
1412 2920 1503 2977 καὶ
1531 2919 1705 2999 ὀλίγῳ
1730 2921 1973 2979 πλεῦνας

372 3006 521 3077 μιῆς,
550 3003 642 3062 καὶ
683 3006 734 3064 εἴ
769 3011 882 3081 σφι
920 3006 1002 3082 μῆ
1037 3006 1235 3085 ἔτυχον
1261 3010 1457 3066 ἐοῦσαι
1484 3008 1615 3075 νέες,
1645 3004 1972 3080 ἀπαμύνασ-

376 3090 470 3149 θαι
497 3087 566 3151 ἂν
592 3091 872 3156 εὐπετέως·
900 3092 1054 3152 ἀλλά
1074 3098 1335 3172 πολλῇσι
1354 3095 1519 3170 νηυσὶ
1548 3095 1829 3151 ἐπιπλέειν
1856 3099 1968 3166 σφι

376 3178 468 3236 ἐπὶ
507 3178 613 3255 τῆν
653 3180 860 3259 χώρην·
903 3179 1062 3239 αὐτοὶ
1094 3181 1157 3239 δέ
1198 3187 1311 3256 σφι
1351 3182 1507 3253 εἶξαι,
1540 3181 1630 3239 καὶ
1668 3178 1730 3237 οὗ
1758 3180 1970 3237 διαναυ-

372 3272 654 3402 μῗεῐκχῆσαι·
683 3266 811 3349 (οὐκ
825 3268 1027 3349 ἔχουσι’
1041 3268 1100 3327 δὲ
1132 3272 1301 3327 τοῦτο
1322 3269 1671 3343 διασημῇναι
1689 3265 1969 3343 ἀτρεκέως,

446 3356 556 3403 .—4
