2259 3500
372 150 659 215 ηιμ-125]
1061 152 1290 203 num.
1357 166 1364 177 ·
1877 156 1970 205 109

372 232 679 307 Ἀθηναίων
718 232 819 293 τᾶν
844 232 1069 310 ’ἑκάστη
1104 234 1292 295 ἐθέλοι
1329 232 1504 311 ἄνδρα
1539 237 1712 314 ἑωυτῇ
1750 236 1972 306 ἐκλέξα-

372 320 511 378 σθαι
537 318 699 378 ἔδωκε
724 319 899 379 τούτω
924 325 1003 399 τῷ
1026 320 1202 398 ἀνδρί.
1273 323 1392 381 Καὶ
1417 325 1472 381 οἶ
1497 320 1928 399 Ἀλκμαιωνίδαι
1949 326 2065 384 123

371 406 590 482 ὁμοίως,
615 404 655 482 ἢ
688 407 921 468 οὗδέν’
883 434 1073 483 ησσον
1110 410 1329 479 τούτου,
1363 409 1514 485 ἦσαν
1552 408 1968 486 μισοτύραννοι·

370 494 613 571 θῶμα’
572 522 647 557 ων
685 521 803 573 μοι,
830 497 923 555 καὶ
964 523 1029 555 ου
1060 498 1365 574 προσίεμαι
1389 496 1494 573 τὴν
1519 497 1820 573 διαβολὴν,
1845 524 1972 559 του-

368 608 497 647 τους
544 610 612 665 γε
658 583 917 653 ἀναδέξαι
968 584 1186 645 ἀσπίδα
1233 586 1428 648 οἵτινες
1475 585 1713 666 ἔφευγόν
1758 612 1822 646 τε
1871 586 1972 647 τόν

366 670 551 731 πάντα
590 672 799 751 χρόνον
838 671 968 736 τὀῧς
1012 672 1324 750 τυράννους,
1369 677 1430 731 ἐκ
1471 678 1729 751 μηχανῆς
1767 700 1831 735 τε
1869 678 1972 750 τῆς

367 758 577 819 τούτων
616 761 871 829 ἐξέλιπον
912 763 967 820 οἶ
1010 760 1474 837 Πεισιστρατίδαι
1515 760 1620 837 τὴν
1653 762 1964 839 τυραννίδα.

370 846 462 904 καὶ
503 846 645 906 οὕτω
678 847 779 911 τὰς
801 846 1041 924 Ἀθήνας
1067 846 1222 908 οὗτοι
1245 847 1396 923 ἦσαν
1422 852 1476 908 οἶ
1501 848 1970 925 ἐλευθερώσαντες

368 937 569 1013 πολλῶ
594 934 882 1011 ‘namur'
844 961 988 1047 ηπερ
1012 934 1310 1013 Αρμόδιός
1333 962 1395 996 τε
1415 936 1508 995 καὶ
1525 934 1968 1017 Ἀριστογείτων,

370 1046 443 1083 ως
468 1021 575 1103 ἐγώ
602 1023 785 1099 κρίνω·
826 1026 881 1083 οἱ
912 1025 1017 1100 μὲν
1045 1050 1158 1104 γαρ
1195 1023 1540 1105 ἐξηγρίωσαν
1573 1049 1705 1088 τους
1737 1023 1966 1085 υπολοί-

366 1133 505 1172 πους
536 1110 1087 1187 Πεισιστρατιδέων
1088 1118 1386 1189 Ιππαρχον.
1409 1110 1966 1181 οἶποκτείναντες,ου-

366 1195 430 1255 δέ
463 1223 520 1257 τι
552 1201 783 1273 μᾶλλον
820 1199 1070 1259 ἔπαυσαν
1103 1224 1236 1263 τους
1261 1198 1494 1263 λοιπους
1517 1225 1963 1277 τυραννευοντας·

366 1281 799 1361 Ἀλκμαιωνίδαι
824 1286 884 1345 δὲ
910 1287 1196 1363 ἐμφανέως
1221 1287 1619 1365 ἐλευθέρωσαν,
1641 1291 1690 1349 εἰ
1715 1287 1782 1363 δὴ
1811 1284 1972 1347 οὗτοί

366 1396 433 1451 γε
472 1371 723 1448 ἀληθέως
748 1373 899 1449 ἦσαν
939 1376 993 1434 οἱ
1030 1374 1136 1451 τήν
1162 1374 1382 1450 Πυθίην
1407 1374 1807 1438 ἀναπείσαντες
1829 1400 1964 1452 προ-

367 1460 659 1534 σημαίνειν
674 1460 1176 1538 ’Λακεδαιμονίοισι
1213 1464 1536 1539 ἐλευθεροῦν
1568 1462 1669 1526 τοὶς
1708 1461 1962 1538 Ἀθήνας,

368 1544 439 1608 ὥς
476 1572 577 1623 μοι
615 1547 886 1627 πρότερον
922 1550 1246 1626 δεδήλωται.
1327 1550 1514 1610 Ἀλλσῖ
1546 1549 1660 1630 γὰρ
1695 1552 1830 1615 ἴσως
1867 1576 1924 1611 τι
1945 1553 2058 1611 124

368 1634 815 1711 ἐπιμεμφόμενοι
851 1635 1160 1713 Ἀθηναίων
1183 1641 1260 1715 τῷ
1285 1636 1442 1715 δήμῳ
1467 1638 1837 1713 προεδίδοσαν
1861 1638 1965 1713 τὴν

365 1721 625 1799 πατρίδα.
692 1721 759 1782 οὗ
782 1725 887 1801 μὲν
912 1723 987 1785 ὧν
1010 1723 1162 1801 ἦσάν
1187 1731 1382 1800 σφεων
1406 1722 1580 1784 ἄλλοι
1607 1723 1964 1801 δοκιμώτεροι

366 1810 425 1870 ἔν
446 1835 515 1892 γε
536 1809 892 1888 Ἀθηναίοισι
916 1811 1121 1891 ἄνδρες,
1155 1811 1266 1872 οὔδ’
1294 1813 1348 1872 οἳ
1371 1815 1600 1890 μᾶλλον
1626 1813 1960 1888 ἐτετιμέατο.

366 1897 507 1958 οὕτω
532 1899 659 1960 οὐδὲ
684 1900 857 1982 λόγος
880 1901 1069 1978 αἱρέει,
1088 1899 1459 1980 ἀναδεχθῆναι
1485 1900 1546 1958 ἔκ
1568 1925 1636 1981 γε
1661 1898 1732 1960 ἂν
1755 1898 1964 1960 τούτων

362 1984 580 2046 ἀσπίδα
606 1987 697 2048 ἐπὶ
720 1987 953 2066 τοιούτῳ
978 1988 1153 2068 λόγῳ.
1207 1988 1478 2068 ἀνεδέχθη
1501 1990 1606 2066 μὲν
1630 1986 1742 2070 γᾷρ
1770 1985 1960 2050 οἷσπίς·

366 2075 457 2133 καὶ
497 2078 665 2136 τοῦτο
706 2073 807 2136 οὔκ
851 2075 974 2136 ἔστι
1016 2075 1208 2138 ἄλλως
1247 2079 1440 2135 εἰπεῖν·
1480 2077 1696 2158 ἐγένετο
1729 2075 1860 2156 γάρ·
1899 2074 1964 2138 ὃς

364 2163 553 2240 μέντοι
579 2162 653 2240 ἦν
676 2162 710 2224 ὅ
736 2162 1003 2234 ἀναδέξας
1022 2161 1123 2224 οὐκ
1151 2165 1260 2243 ἔχω
1277 2165 1614 2241 προσωτέρω
1641 2167 1813 2223 εἰπεῖν
1837 2161 1961 2223 τού-

363 2274 492 2309 των.

449 2339 524 2394 Οἱ
559 2335 619 2394 δὲ
642 2335 1076 2413 Ἀλκμαιωνίδαι
1114 2336 1266 2412 ἦσαν
1302 2339 1407 2414 μὲν
1443 2338 1534 2396 καὶ
1559 2338 1632 2397 τὰ
1657 2337 1920 2398 ἀνέκαθεν
1941 2340 2054 2396 125

366 2423 619 2499 λαμπροὶ
645 2428 705 2482 ἐν
728 2427 865 2501 τῇσι
888 2421 1182 2502 Ἀθήνῃσι·
1221 2423 1334 2484 dm?
1362 2425 1422 2484 δὲ
1444 2424 1840 2502 Ἀλκμαίωνος,
1868 2425 1962 2484 καὶ

366 2507 518 2572 αὖτις
536 2510 883 2591 Μεγακλέος,
902 2511 1157 2591 ἐγένοντο
1185 2513 1276 2571 καὶ
1302 2510 1478 2589 κάρτα
1501 2514 1773 2589 λαμπροί.
1833 2517 1957 2572 τοῦ·

364 2621 431 2654 το
461 2599 567 2673 μὲν
600 2597 711 2679 γοῖρ
735 2598 1055 2674 Ἀλκμαίων
1096 2599 1128 2658 ὁ
1161 2600 1493 2681 Μεγακλέος
1526 2605 1680 2660 τοῖσι
1717 2605 1779 2660 ἐκ
1812 2602 1958 2677 Σαρ-

366 2681 493 2743 δίων
522 2685 759 2746 Λυδοῖσι
793 2686 946 2764 παρα
988 2688 1246 2764 Κροίσου
1281 2686 1730 2764 ἀπικνεομένοισι
1765 2689 1855 2746 ἐπὶ
1891 2687 1958 2750 τό

363 2771 709 2883 χρηστήριον
732 2800 799 2834 το
826 2779 885 2834 ἐν
910 2778 1200 2851 Δελφοῖσι
1231 2775 1608 2854 συμπρήκτωρ
1647 2801 1708 2834 τε
1749 2774 1959 2855 ἐγίνετο

365 2860 459 2920 καὶ
484 2861 885 2939 συνελάμβανε
908 2861 1224 2940 προθύμως·
1268 2863 1368 2922 καί
1388 2888 1486 2939 μιν
1511 2865 1762 2940 Κροῖσος
1787 2861 1956 2920 πυθό-

362 2971 529 3023 μενος
560 2952 670 3009 τῶν
698 2950 895 3010 Λυδων
932 2954 1043 3010 τῶν
1083 2955 1139 3013 ἐς
1163 2977 1236 3010 τα
1274 2950 1593 3029 χρηστήρια
1625 2947 1958 3026 φοιτεόντων

362 3036 564 3096 εωυτόν
602 3037 661 3096 ευ
696 3039 918 3106 ποιέειν,
950 3038 1369 3115 μεταπέμπεται
1406 3042 1464 3101 ἐς
1503 3036 1724 3113 Σάρδις·
1765 3033 1958 3094 ἀπικό-

363 3147 531 3198 μενον
560 3123 623 3184 δὲ
662 3125 917 3201 δωρέεται
955 3129 1152 3204 χρυσῷ
1184 3125 1286 3185 τόν
1311 3123 1380 3184 ἂν
1405 3123 1630 3198 δυνηται
1655 3126 1732 3202 τῷ
1757 3125 1958 3181 ἑωυτοῦ

364 3209 583 3288 σῶματι
616 3212 994 3282 ἐξενείκασθαι
1030 3212 1270 3282 ἐσάπαξ·
1311 3238 1342 3270 ο
1377 3210 1436 3269 δὲ
1466 3209 1787 3286 Ἀλκμαιων
1820 3234 1962 3285 προς

358 3298 463 3376 τήν
515 3301 725 3380 δωρεην
776 3303 983 3362 ἐοῦσαν
1034 3299 1296 3373 τοιαύτην
1348 3295 1536 3356 τοιάδε
1593 3296 1956 3382 ἐπιτηδεύσας
