2259 3500
341 110 405 157 90
967 104 1336 157 ἯΡοΔοΤοΤ
1821 102 1944 167 [Vl.

340 184 734 263 ἀναλαβόντας
777 183 850 245 τσῖ
898 183 1051 245 ὅπλα
1095 183 1322 261 χωρέειν
1369 188 1424 246 ἐς
1469 180 1599 245 τοῦς
1637 180 1942 263 Ἀργείους.

341 277 519 333 ταῦτα
560 273 652 333 καὶ
692 274 902 354 ἐγίνετο
936 272 1194 332 ἐπιτελέα
1228 276 1290 330 ἐκ
1321 275 1430 331 τῶν
1474 270 1942 347 Λακεδαιμονίων.

318 360 576 438 ,ἄριστον
616 359 725 441 γοῖρ
770 360 1150 437 ποιευμένοισι
1192 362 1346 419 τοῖσι
1386 358 1696 438 Ἀργείοισι
1739 363 1802 419 ἐκ
1842 367 1945 420 τοῦ

344 448 692 529 κηρύγματος
734 448 1013 507 ἐπεκέατο·
1063 448 1155 505 καὶ
1195 446 1446 509 πολλοῦς
1483 448 1588 523 μὲν
1630 446 1945 521 ἐφόνευσαν

343 536 536 605 αὐτῶν,
565 540 763 615 πολλῷ
790 534 835 593 δ’
864 537 944 595 ἔτι
964 539 1208 598 πλεῦνας
1234 540 1289 598 ἐς
1313 533 1380 594 τὰ
1401 534 1583 597 ἄλσος
1607 538 1707 594 τοῦ
1726 534 1942 616 ’'Ap-you

246 624 317 682 '79
344 623 764 703 καταφυγόντας
803 623 1173 700 περιϊζόμενοι
1217 621 1571 697 ἐφύλασσον.
1652 620 1943 683 Ἐνθεῦτεν

341 711 399 768 δὲ
425 710 456 770 ὁ
480 711 804 788 Κλεομένης
831 712 1010 770 ἐποίεε
1035 709 1268 772 τοιόνδε·
1311 711 1450 789 ἔχων
1477 708 1823 786 αὐτομόλους
1849 709 1941 771 ἅν-

344 798 476 875 θρας
528 800 621 858 καὶ
663 798 1075 876 πυνθανόμενος
1125 798 1350 867 τούτων,
1407 797 1662 867 ἐξεκάλεε
1707 799 1942 875 πέμπων

340 886 552 965 κη’ρυκα
601 886 877 965 ὀνομαστὶ
916 888 1097 968 λέγων
1142 890 1254 947 τῶν
1294 885 1560 967 Ἀργείων
1605 884 1734 949 τοῦς
1770 891 1830 946 ἐν
1863 892 1941 967 τῷ

337 978 435 1053 ἱρῷ
465 975 861 1055 ἀπεργμένους·
917 974 1172 1044 ἐξεκάλεε
1203 975 1278 1045 δὲ,
1314 973 1427 1050 φᾶς
1467 973 1647 1034 αὐτῶν
1684 975 1830 1053 ἔχειν
1867 976 1938 1036 τά

337 1060 558 1132 ἄποινα·
602 1062 804 1121 ἄποινα
836 1062 899 1120 δέ
928 1068 1049 1122 ἐστι
1083 1063 1602 1138 Πελοποννησίοισι
1633 1061 1736 1121 δύο
1776 1065 1936 1139 μνέαι

337 1149 670 1228 τεταγμέναι
718 1148 834 1209 κατ’
877 1148 1051 1227 ἄνδρα
1094 1150 1452 1229 αἰχμάλωτον
1495 1151 1741 1210 ἐκτίνειν·
1797 1152 1936 1212 κατὰ

336 1236 679 1311 πεντήκοντα
720 1237 787 1311 δὴ
820 1234 905 1296 ιὧν
944 1242 1053 1297 τῶν
1096 1236 1378 1317 Ἀργείων,
1421 1236 1493 1301 ὥς
1545 1237 1810 1302 ἑκάστους
1851 1224 1934 1299 ἐκ·

338 1322 688 1401 καλεύμενος,
746 1324 778 1383 ὁ
832 1325 1159 1401 Κλεομένης
1213 1326 1431 1385 ἔκτεινε·
1491 1330 1666 1386 ταῦτα
1719 1325 1782 1384 δέ
1833 1354 1935 1391 κως

333 1410 598 1493 γινόμενα
632 1411 895 1487 ἐλεληθεε
926 1412 1055 1475 τοῦς
1088 1412 1322 1477 λοιπους
1354 1440 1482 1477 τους
1515 1417 1573 1473 ἐν
1602 1418 1679 1491 τῷ
1703 1415 1932 1491 τεμένεϊ·

334 1498 431 1559 ἅτε
470 1525 580 1579 γαρ
621 1504 833 1560 πυκνοῦ
876 1500 1060 1564 ἐόντος
1102 1503 1204 1561 τοῦ
1248 1499 1473 1571 ἄλσεος,
1521 1528 1621 1561 ουκ
1677 1500 1828 1575 ὥρων
1881 1507 1934 1563 οἶ

338 1585 491 1650 ἐντος
509 1614 638 1651 τους
659 1587 817 1651 ἐκτος
844 1587 875 1648 ὅ
900 1613 955 1648 τι
983 1590 1288 1666 ἔπρησσον,
1309 1590 1441 1666 πρίν
1464 1614 1532 1669 γε
1553 1588 1620 1663 δη
1649 1590 1828 1649 αὐτιῦν
1850 1616 1934 1654 τις

337 1674 556 1754 ἀναβὰς
584 1677 674 1735 ἐπὶ
702 1676 921 1754 δένδρος
948 1678 1164 1737 κατεῖδε
1187 1676 1253 1737 τὰ
1281 1676 1625 1754 ποιεύμενον·
1669 1674 1843 1738 οὔκων
1864 1678 1934 1754 δη

242 1767 362 1828 8Ο”’
334 1790 413 1825 ετι
448 1765 777 1842 καλεόμενοι
812 1766 1065 1844 ἐξῄεσαν.
1149 1764 1424 1826 Ἐνθαῦτα
1453 1763 1580 1841 δη
1548 1792 1579 1824 ο
1609 1767 1934 1842 Κλεομένης

336 1855 555 1927 ἐκέλευε
596 1879 779 1914 παντα
818 1879 943 1913 τινα
981 1857 1091 1913 τῶν
1124 1853 1390 1912 ειλωτέων
1420 1853 1688 1930 περινέειν
1717 1851 1825 1930 υλῃ
1863 1853 1932 1914 r&

330 1940 529 2004 ἄλσος·
570 1967 680 2000 των
708 1941 767 1998 δὲ
794 1941 1207 2017 πειθομένων,’
1181 1941 1463 2018 ενέπρησε.
1468 1967 1535 1999 το
1517 1938 1752 2003 ἄλσος·
1783 1966 1930 2000 καιο-

328 2029 498 2104 μένου
525 2027 583 2085 ὃὲ
608 2027 730 2103 ἤδη,
762 2029 1007 2104 ἐπείρετο
1032 2031 1143 2088 τιῦν
1167 2053 1291 2087 τινα
1311 2027 1652 2104 αὐτομόλων,
1673 2028 1821 2092 τίνος
1845 2031 1930 2107 εἴη

331 2115 470 2175 θεῶν
508 2113 575 2174 τὸ
616 2114 829 2184 ‹Dm-033
881 2115 913 2174 ὅ
959 2115 1019 2174 δὲ
1065 2116 1176 2192 ἔφη
1214 2114 1429 2196 Ἀργου
1469 2114 1624 2175 εἶναι·
1675 2115 1707 2175 ὅ
1755 2116 1814 2176 δὲ
1860 2117 1931 2182 ὥς

327 2200 552 2277 ἤκουσε,
580 2201 956 2272 αναστενάξας
985 2203 1134 2284 μέγα
1176 2203 1312 2262 εἶπε·
1357 2213 1392 2238 “
1411 2201 1451 2261 ὦ
1474 2202 1769 2264 Απολλον
1793 2231 1930 2284 χρη-

330 2289 542 2400 στήριε,
591 2289 628 2364 ἦ
676 2291 934 2371 μεγάλως
978 2316 1052 2367 με
1097 2289 1387 2367 ἠπάτηκας
1435 2290 1683 2368 φάμενος
1719 2292 1930 2374 Ἀργος

330 2377 601 2454 αἱρήσειν·
652 2378 1069 2455 συμβάλλομαι
1110 2377 1156 2436 δ’
1201 2379 1412 2454 ἐξήκειν
1451 2403 1550 2454 μοι
1589 2378 1654 2438 τό
1680 2381 1927 2492 χρηστή-

232 2466 305 2523 81
329 2491 469 2542 ριον.
469 2463 500 2483 ”
584 2465 747 2525 Μετοὶ
787 2465 847 2524 δὲ
886 2470 1078 2536 ταῦτα,
1108 2465 1140 2524 ὁ
1170 2468 1494 2543 Κλεομένης
1519 2466 1622 2542 τὴν
1645 2470 1748 2544 μὲν
1773 2469 1929 2527 πλέω

330 2553 601 2628 στρατιὴν
654 2551 833 2629 ἆπῆκε
882 2553 1101 2613 ἀπιέναι
1157 2559 1212 2617 ἐς
1261 2554 1542 2631 Σπάρτην·
1596 2555 1814 2633 χιλίους
1869 2555 1930 2614 δὲ
2005 2583 2010 2588 ·

328 2639 494 2704 αὖτὸς
536 2641 735 2716 λαβὼν
772 2640 903 2705 τούς
939 2641 1201 2718 οἷριστέας
1237 2640 1326 2717 ἥῖε
1363 2646 1418 2705 ἐς
1451 2641 1519 2701 τὸ
1559 2641 1793 2718 Ἡραῖον
1834 2642 1927 2703 θύ-

326 2753 460 2786 σων·
513 2727 869 2804 βουλόμενον
915 2729 975 2788 δὲ
1021 2728 1192 2790 αὐτὸν
1241 2728 1388 2789 θύειν
1435 2730 1526 2788 ἐπὶ
1577 2735 1680 2789 τοῦ
1725 2732 1927 2808 βωμοῦ

329 2814 361 2874 ὅ
392 2815 535 2893 ἱρεῦς
564 2815 891 2897 ἀπηγόρευε,
911 2817 1036 2894 -φᾶς
1064 2816 1164 2876 οὐκ
1192 2817 1352 2878 ὅσιον
1384 2817 1524 2878 εἶναι
1549 2818 1705 2897 ξείνῳ
1732 2817 1928 2880 αὐτόθι

326 2902 492 2963 θύειν·
536 2903 568 2963 ὁ
611 2904 669 2962 δὲ
697 2907 1022 2982 Κλεομένης
1055 2905 1156 2965 τὸν
1195 2907 1315 2983 ἱρέα
1351 2906 1571 2965 ἐκέλευε
1610 2905 1739 2969 τοῦς
1771 2906 1926 2965 εἵλω-

322 3016 423 3054 τας
467 2989 580 3052 οἷπό
626 2996 726 3052 τοῦ
773 2994 973 3070 βωμοῦ
1021 2991 1341 3075 οἷπάγοντας
1394 2997 1775 3075 μαστιγῶσαι·
1833 2995 1926 3051 καὶ

325 3077 491 3142 αὐτὰς
532 3081 711 3151 ἔθυσε,
740 3080 989 3157 ποιήσας
1028 3081 1087 3140 δὲ
1126 3087 1302 3142 ταῦτα
1335 3081 1503 3157 ἀπήῖε
1530 3087 1584 3144 ἐς
1608 3080 1711 3155 τὴν
1738 3080 1924 3156 Σπάρ-

229 3165 305 3222 82
321 3191 443 3243 την.
526 3169 911 3246 Νοστήσαντα
956 3169 1017 3229 δέ
1059 3196 1156 3246 μιν
1203 3171 1420 3251 ὑπῆγον
1469 3173 1520 3228 οἱ
1571 3168 1762 3246 ἐχθροὶ
1811 3166 1923 3224 find

320 3253 449 3316 ‘0¹35
480 3257 731 3332 ἐφόρους,
768 3259 1014 3334 φάμενοί
1032 3283 1130 3331 μιν
1162 3257 1624 3333 δωροδοκήσαντα
1661 3252 1761 3311 οὐκ
1801 3252 1922 3309 ἐλέ-
