2259 3500
299 148 396 196 306
913 141 1281 195 ἨΡΟΔΟΤΟΤ
1772 144 1897 207 [E.

211 279 238 302 ‚
299 228 568 303 στρατιῆς
613 222 710 282 καὶ
745 221 858 284 ὖπὸ
897 225 1000 298 τῆς
1039 222 1215 282 ἵππου
1252 222 1697 300 ταρασσομένης,
1744 252 1903 286 συνε-

299 313 593 392 λέχθησαν
617 310 747 387 περὶ
771 309 951 388 αὖτῶν
974 335 1037 370 τε
1061 309 1269 370 τούτων
1296 309 1389 369 καὶ
1414 309 1621 384 ἄλλων,
1646 312 1904 377 ἐλθόντες

299 400 455 476 παροὶ
502 398 832 474 Παυσανίην
876 398 968 456 ἐπὶ
1007 397 1075 459 vd
1117 397 1296 467 δεξιὰν
1338 397 1519 474 κέρας·
1578 397 1733 458 ἄλλα
1773 401 1901 480 γὰρ,

297 485 508 546 τούτων
551 485 817 546 τοιούτων
861 484 1077 556 ἐόντων,
1119 483 1347 562 μᾶλλόν
1386 491 1571 561 σφεας
1614 486 1903 548 ἐπελύπεε·

300 573 428 635 οὔτε
455 573 568 654 γὰρ
601 573 758 632 σιτία
793 572 946 651 εἶχον
983 573 1080 643 ἔτι,
1107 573 1168 632 οἶ
1188 573 1254 633 τέ
1277 579 1471 648 σφεων
1502 571 1737 653 ὀπέωνες
1766 573 1904 636 ἀπο-

299 662 648 738 πεμφθέντες
713 667 768 725 ἐς
820 659 1265 736 Πελοπόννησον
1320 658 1392 723 ὥς
1458 661 1903 738 ἐπισιτιεύμενοι,

305 747 686 810 α’,ποκεκλέατο
710 748 820 809 ὖπό
845 751 947 824 τῆς
975 748 1166 818 ἵππου,
1195 747 1260 808 οὗ
1287 747 1579 824 δυνάμενοι
1602 747 1905 812 ἀπικέσθαι

205 839 279 896 51
302 842 358 902 ἐς
379 837 448 900 τό
475 836 874 916 στρατόπεδον.
957 836 1431 913 Βουλευομένοισι
1464 836 1524 895 δὲ
1552 841 1708 896 τοῖσι
1732 863 1904 915 στρα-

297 930 528 1007 τηγοῖσι
560 925 729 996 ἔδοξε,
759 923 829 1002 ἢν
864 923 1299 1002 ὑπερβάλωνται
1336 924 1518 1000 κείνην
1552 923 1657 1000 τὴν
1690 925 1905 1004 ἡμέρην

304 1016 360 1074 οἱ
399 1015 624 1091 Πέρσαι
662 1013 973 1091 συμβολὴν
1009 1011 1090 1091 μὴ
1130 1011 1463 1089 ποιεύμενοι,
1492 1017 1548 1074 ἐς
1587 1011 1690 1089 τὴν
1728 1019 1905 1089 νῆσον

302 1101 457 1160 ἰέναι·
497 1101 536 1176 ἦ
577 1100 640 1158 δέ
677 1105 803 1160 ἐστι
841 1099 953 1160 ‹in-<3
994 1104 1095 1161 τοῦ
1120 1099 1389 1160 Ἀσωποῦ
1431 1101 1523 1160 καὶ
1563 1103 1663 1175 τῆς
1702 1101 1905 1180 κρήνης

297 1191 401 1262 τῆς
438 1187 784 1267 Γαργαφίης,
813 1185 899 1246 ἐπ’
937 1184 978 1266 ᾗ
1021 1185 1563 1264 ἐστρατοπεδεύοντο
1600 1187 1745 1259 τότε,
1772 1189 1905 1250 δέκα

299 1273 560 1336 σταδίους
611 1272 921 1353 ἀπέχουσα,
977 1274 1088 1350 πρό
1140 1277 1241 1350 τῆς
1304 1275 1634 1346 Πλαταιέων
1685 1277 1902 1342 πόλιος.

299 1365 472 1438 νῆσος
523 1361 584 1421 δὲ
634 1359 777 1421 οὕτω
827 1358 896 1422 ἂν
950 1362 1034 1438 εἴη
1087 1366 1146 1422 ἐν
1196 1361 1425 1442 ἠπείρῳ·
1484 1363 1818 1442 σχιζόμενος
1870 1366 1903 1427 ὁ

300 1448 553 1526 ποταμὸς
578 1448 785 1508 ἄνωθεν
817 1454 877 1509 ἐκ
911 1452 1012 1510 τοῦ
1053 1450 1404 1528 Κιθαιρῶνος
1429 1451 1543 1528 ῥέει
1584 1451 1729 1511 κάτω
1756 1457 1812 1517 ἐς
1833 1453 1903 1514 τό

298 1537 506 1609 πεδίον,
535 1537 730 1617 διέχων
765 1536 860 1596 ἀπ’
887 1537 1157 1613 ἀλλήλων
1181 1537 1255 1598 τοὶ
1278 1538 1481 1616 ῥέεθρα
1504 1537 1753 1617 ὅσονπερ
1776 1543 1905 1619 τρία

301 1625 522 1686 στάδια·
605 1626 698 1686 καὶ
739 1627 928 1686 ἔπειτα
973 1627 1289 1707 συμμίσγει
1334 1631 1388 1689 ἐς
1426 1623 1624 1686 τῶυτό·
1693 1627 1907 1706 οὕνομα

299 1713 363 1775 δέ
413 1717 466 1775 οἱ
515 1713 736 1793 Ὠερόη·
805 1715 1082 1797 θυγατέρα
1137 1715 1197 1775 δὲ
1236 1713 1443 1791 ταύτην
1487 1715 1724 1797 λέγουσι
1766 1717 1905 1779 εἶναι

297 1800 563 1865 Ἀσωποῦ
617 1805 670 1863 οῖ
723 1802 1027 1882 ἐπιχώριοι.
1111 1807 1167 1866 ἐς
1217 1807 1416 1864 τοῦτον
1464 1802 1532 1879 δή
1576 1804 1675 1864 τὸν
1720 1810 1907 1884 χῶρον

304 1892 744 1968 ἐβουλεύσαντο·
769 1896 1202 1969 μεταναστῆναι,
1251 1891 1341 1951 ἵνα
1388 1893 1480 1951 καὶ
1530 1890 1688 1953 ὕδατι
1734 1895 1907 1972 ἔχωσι

299 1981 552 2058 χρᾶσθαι
587 1978 818 2058 ἀφθόνῳ
855 1980 948 2038 καὶ
981 1982 1034 2039 οἱ
1067 1978 1259 2043 ἱππέες
1298 1981 1484 2056 σφέας
1512 1979 1594 2055 μή
1632 1983 1901 2057 σινοίατο,

301 2066 490 2145 ὥσπερ
519 2066 636 2127 κατ’
665 2066 755 2126 ἰθῦ
784 2066 999 2127 ἐόντων·
1032 2067 1460 2143 μετακινέεσθαί
1478 2093 1543 2128 τε
1568 2068 1751 2129 ἐδόκεε
1774 2070 1905 2131 τότε

301 2154 468 2214 ἐπεὰν
513 2158 616 2229 τῆς
659 2152 852 2216 νυκτὸς
902 2152 942 2233 ᾗ
996 2154 1221 2231 δευτέρη
1275 2155 1522 2232 φυλακὴ,
1576 2155 1648 2220 ὥς
1698 2156 1769 2218 ἂν
1818 2159 1904 2236 μή

302 2241 511 2300 ἰδοίατο
556 2242 610 2300 οἶ
653 2240 876 2315 Πέρσαι
918 2240 1373 2319 ἐξορμεωμένους,
1416 2244 1515 2302 καί
1548 2250 1737 2320 σφεας
1778 2245 1903 2307 ἐπό-

299 2350 458 2407 μενοι
482 2326 826 2404 ταράσσοιεν
853 2332 906 2389 οἱ
933 2329 1184 2390 ἱππόται.
1264 2329 1611 2407 ἀπικομένων
1638 2332 1698 2392 δὲ
1724 2337 1779 2396 ἐς
1802 2334 1905 2395 τόν

303 2420 488 2496 χῶρον
512 2419 712 2477 τοῦτον
735 2415 836 2477 τᾶν
861 2417 930 2494 δή
956 2418 994 2494 ἦ
1019 2418 1269 2481 Ἀσωπὶς
1292 2417 1493 2497 Ὠερόη
1520 2422 1903 2501 περισχίζεται

301 2503 511 2583 ῥέουσα
551 2509 614 2565 ἐκ
651 2507 752 2565 τοῦ
792 2507 1154 2583 Κιθαιρῶνος,
1196 2506 1307 2567 ὖπό
1344 2505 1451 2581 τήν
1488 2506 1660 2567 νύκτα
1697 2508 1904 2585 ταύτην

301 2592 483 2653 ἐδόκεε
519 2591 648 2657 τοῦς
686 2592 926 2669 ἡμίσεας
965 2593 1347 2655 ἀποστέλλειν
1377 2597 1479 2653 τοῦ
1518 2596 1903 2670 στρατοπέδου

298 2681 439 2759 πρὸς
478 2681 580 2742 τᾶν
621 2681 958 2759 Κιθαιρῶνα,
997 2680 1068 2744 αἷς
1107 2680 1451 2757 ἀναλάβοιεν
1490 2678 1623 2743 τοῦς
1660 2682 1903 2748 ὀπέωνας

298 2768 430 2831 τούς
480 2769 571 2829 ἐπὶ
613 2767 688 2829 τοὶ
741 2770 896 2830 σιτία
951 2768 1292 2847 οἰχομένους·
1358 2768 1509 2845 ἦσαν
1553 2768 1665 2850 γσὶρ
1716 2773 1777 2831 ἐν
1825 2774 1904 2849 τῷ

302 2856 611 2934 Κιθαιρῶνι
631 2854 1113 2933 ἀπολελαμμένοι.

204 2944 283 3003 52
381 2946 570 3003 Ταῦτα
621 2943 1088 3020 βουλευσάμενοι,
1145 2942 1325 3018 κείνην
1376 2945 1481 3020 μὲν
1533 2942 1637 3020 τήν
1686 2944 1902 3022 ἡμέρην

299 3033 512 3100 πᾶσαν,
547 3031 952 3108 προσκειμένης
985 3033 1086 3104 τ-ἣς
1124 3029 1313 3099 ἵππου,
1352 3030 1504 3108 εἶχον
1538 3030 1712 3091 πόνον
1738 3030 1897 3107 ἄτρυ-

300 3141 417 3176 τον·
445 3143 515 3180 ως
535 3116 650 3175 δε
613 3143 650 3192 η
677 3142 738 3175 τε
759 3116 940 3194 ἡμέρη
963 3117 1132 3196 ἔληγε
1159 3142 1251 3174 και
1273 3142 1325 3175 οι
1353 3117 1542 3181 ἱππέες
1570 3118 1897 3188 ἐπέπαυντο,

297 3202 493 3266 νυκτὸς
535 3202 605 3277 δη
647 3204 946 3283 γενομένης
991 3202 1086 3261 καὶ
1129 3201 1329 3277 ἐούσης
1369 3206 1470 3277 τῆς
1513 3202 1654 3278 ὥρης
1696 3208 1752 3266 ἐς
1790 3230 1901 3280 την

303 3286 586 3349 συνέκειτό
609 3294 723 3363 σφι
745 3287 1249 3358 απαλλιίσσεσθαι,
1276 3288 1511 3351 ἐνθαῦτα
1534 3288 1819 3367 αερθέντες
1844 3316 1901 3351 οι
