2259 3500
397 51 419 66 Ι

301 139 365 190 76
911 130 1277 181 ἨΡΟΔΟΤΟΤ
1748 127 1753 131 ’
1770 126 1895 192 [VT.

305 214 601 291 Μιλησίου
655 211 1118 287 πολιορκηθέντες
1171 210 1263 268 καὶ
1314 208 1607 286 προσόδων
1660 208 1899 268 ἐουσέων

306 301 608 382 μεγαλέων,
639 299 896 377 ἐχρέοντο
930 301 1084 357 τοῖσι
1119 296 1379 376 χρήμασι
1420 302 1551 360 ναῦς
1590 321 1654 356 τε
1695 321 1900 372 ναυπη-

302 388 561 469 γεύμενοι
586 385 802 462 μακροῖς
829 385 921 444 καὶ
946 389 1132 464 τεῖχος
1170 383 1529 462 ἰσχυρότερον
1552 383 1901 460 περιβαλλό-

302 499 478 553 μενοι.
543 473 581 549 ἧ
609 473 669 532 δὲ
693 471 974 550 πρόσοδός
1001 479 1114 548 σφι
1142 473 1349 552 ἐγίνετο
1376 472 1435 530 ἔκ
1459 497 1521 532 τε
1546 475 1648 548 τῆς
1670 471 1903 548 ἠπείρου

307 562 398 620 καὶ
441 560 554 620 ἆπὸ
596 563 707 620 τῶν
746 560 1062 637 μετάλλων·
1105 565 1166 618 ἐκ
1200 559 1305 636 μέν
1336 585 1405 640 γε
1439 563 1547 619 τῶν
1584 563 1642 618 ἐν
1669 559 1904 636 Σκαπτῇ

295 648 465 728 φΥλῃ,
491 652 602 708 τῶν
626 649 880 728 χρυσέων
903 647 1218 725 μετάλλων,
1245 646 1311 706 vd
1351 647 1553 706 ἐπίπαν
1590 645 1905 725 ὀγδώκοντα

305 736 558 796 τάλαντα
584 735 844 812 προσήῖε·
887 740 948 794 ἐκ
975 736 1040 795 δὲ
1059 739 1169 796 τῶν
1207 740 1265 794 ἐν
1306 733 1448 811 αὐτῇ
1473 733 1644 812 Θάσῳ
1672 731 1905 792 ἐλάσσω

305 827 409 900 μὲν
446 823 670 893 τούτων,
711 822 894 902 συχνοὶ
933 824 992 883 δὲ
1029 823 1171 883 οὕτω
1208 822 1352 883 ὥστε
1393 823 1459 882 τό
1502 823 1705 881 ἐπίπαν
1732 821 1905 880 Θασί-

309 939 443 983 οισι,
493 916 649 972 εὀὓσι
693 915 920 988 καρπῶν
959 911 1207 982 ἀτελέσι,
1256 909 1498 988 προσήῖε
1541 908 1655 969 ‹in-6
1701 934 1762 969 τε
1806 913 1906 984 τῆς

305 1000 538 1078 η’πείρου
582 1000 674 1060 καὶ
714 1003 825 1059 τῶν
867 999 1222 1077 μετάλλων”
1194 1024 1341 1061 ετεος
1368 996 1607 1058 ἑκάστου
1648 996 1905 1072 διηκόσια

305 1088 574 1148 τάλαντα·
619 1087 711 1146 ὅτε
753 1088 812 1145 δὲ
851 1087 918 1146 ord
947 1090 1222 1146 πλεῖστον
1248 1087 1562 1163 προσῆλθε,
1590 1083 1903 1161 τριηκόσια.

176 1143 288 1235 V4¹7
312 1175 481 1234 Εἶδον
525 1175 582 1234 δὲ
621 1174 712 1232 καὶ
751 1200 918 1237 αυτος
944 1201 1018 1234 τα
1051 1175 1313 1250 μέταλλα
1346 1179 1542 1234 ταῦτα·
1585 1173 1676 1232 καὶ
1714 1171 1907 1250 μακρῷ

307 1261 378 1339 ἦν
423 1262 602 1322 αυτῶν
641 1261 1048 1340 θωμασιωτατα
1081 1262 1155 1322 τοὶ
1192 1265 1246 1320 οἱ
1284 1262 1531 1325 Φοίνικες
1566 1261 1810 1338 α’νεῦρον,
1854 1263 1907 1318 οἱ

309 1350 452 1427 μετοὶ
480 1349 676 1410 Θάσου
717 1350 1006 1414 κτίσαντες
1041 1349 1145 1426 τὴν
1174 1353 1351 1425 νῆσον
1389 1349 1613 1426 ταύτην·
1654 1349 1774 1424 ἥτις
1808 1351 1908 1408 νῦν

311 1439 403 1498 ε’πὶ
429 1441 530 1498 τοῦ
556 1438 752 1498 Θάσου
777 1464 979 1499 τουτου
1004 1439 1106 1499 τοῦ
1134 1439 1387 1502 Φοίνικος
1408 1437 1474 1498 τό
1504 1436 1712 1513 οὕνομα
1752 1436 1906 1514 ἔσχε.

309 1526 380 1586 τοὶ
413 1526 472 1584 δὲ
502 1528 763 1603 μέταλλα
787 1553 860 1586 τα
895 1526 1181 1587 Φοινικικα
1207 1530 1385 1586 ταῦτα
1420 1527 1543 1585 ἔστι
1576 1549 1678 1600 της
1714 1522 1910 1583 Θάσου

307 1613 517 1690 μεταξι)
546 1614 792 1691 Αἰνύρων
816 1641 878 1675 τε
903 1641 1090 1694 χωρου
1118 1597 1458 1691 καλεομένου
1486 1613 1577 1672 καὶ
1604 1607 1907 1689 Κοινύρων,

309 1701 498 1767 σῖντίον
541 1702 600 1763 δὲ
643 1704 1052 1783 Σαμοθρηίκης·
1096 1702 1224 1782 ὄρος
1264 1703 1427 1783 μέγα,
1457 1699 1910 1777 ἀνεστραμμένον

309 1797 368 1853 ἐν
407 1797 480 1873 τῇ
516 1792 764 1869 ζητήσει.
847 1797 1016 1853 τοῦτο
1053 1793 1157 1870 μέν
1199 1818 1295 1851 νυν
1336 1792 1459 1850 ἔστι
1490 1792 1728 1849 τοιοῦτο·
1772 1788 1911 1847 οἶδὲ

310 1881 516 1941 Θάσιοι
562 1885 638 1959 τῷ
683 1882 926 1956 βασιλέϊ
973 1880 1303 1939 κελεύσαντι
1350 1879 1442 1938 καὶ
1492 1875 1558 1936 τό
1609 1878 1793 1952 τεῖχος
1842 1876 1909 1935 τὰ

311 1968 608 2057 σφέτερον
617 1971 890 2040 κατεῖλον,
912 1968 1004 2026 καὶ
1028 1966 1129 2031 τὰς
1156 1968 1281 2030 νέας
1306 1967 1408 2031 ταῖς
1433 1964 1619 2028 πάσας
1640 1961 1911 2038 ἐκόμισαν

312 2061 368 2118 ἐς
395 2050 680 2132 Ἀβδηρω

215 2146 292 2203 48
393 2142 556 2203 Μετοὶ
583 2144 644 2202 δὲ
668 2146 854 2251 τοῦτο,
881 2142 1221 2221 ἀπεπειρᾶτο
1248 2172 1280 2205 ο
1309 2146 1547 2221 Δαρεῖος
1572 2145 1680 2203 τῶν
1704 2114 1909 2219 Ἑλλή-

310 2256 417 2291 νων
453 2229 485 2289 ὅ
519 2257 576 2290 τι
613 2235 672 2292 ἐν
715 2230 822 2309 νόω
837 2231 1055 2309 ἔχοιεν,
1084 2231 1284 2309 κότερα
1324 2231 1617 2308 πολεμέειν
1658 2233 1835 2309 ἑωυτῷ
1872 2230 1911 2307 ἢ

313 2317 676 2395 παραδιδόναι
719 2320 913 2395 σφέας
949 2318 1167 2384 αὐτούς.
1250 2320 1517 2395 διεπεμπε
1560 2318 1636 2378 ὧν
1674 2343 1913 2395 κηρυκας

315 2404 529 2468 αλλους
551 2405 712 2485 αλλῃ
747 2405 982 2476 retgas-⁸
946 2408 1052 2468 ανοῖ
1077 2434 1183 2483 την
1207 2408 1477 2478 Ἐλλάδα,
1508 2406 1751 2465 κελεύων
1770 2408 1911 2467 αἰτέ-

313 2518 392 2551 ειν
417 2494 660 2569 βασιλέϊ
682 2498 791 2575 γῆν
815 2521 878 2555 τε
905 2495 996 2555 καὶ
1023 2495 1187 2573 υδωρ.
1254 2494 1481 2558 τούτους
1505 2497 1609 2571 μὲν
1635 2492 1757 2570 δη’
1732 2520 1786 2557 ες
1809 2494 1913 2570 τὴν

311 2578 622 2639 Ἑλλάδα*
594 2606 822 2659 επεμπε·
852 2582 1062 2647 ἄλλους
1085 2584 1146 2642 δὲ
1173 2581 1413 2661 κήρυκας
1440 2583 1760 2658 διέπεμπε’
1734 2606 1789 2645 ες
1813 2608 1913 2646 τας

319 2671 520 2727 ἑωυτοῦ
566 2668 964 2746 δασμοφόρους
1007 2670 1212 2735 πόλιας
1252 2670 1353 2735 τιίς
1388 2670 1910 2748 παραθαλασσίους,

314 2754 550 2815 κελεύων
585 2756 710 2819 νέας
743 2782 806 2815 τε
835 2758 1052 2835 μακρὰς
1086 2760 1179 2819 καὶ
1218 2758 1517 2840 ἱππαγωγὰ
1549 2762 1725 2818 πλοῖα
1760 2760 1911 2829 ,ποιέ-

216 2846 292 2901 49
319 2844 502 2904 εσθαι.
523 2894 530 2899 .
578 2842 738 2903 οὗτοί
755 2870 816 2905 τε
845 2844 910 2921 δὴ
939 2848 1418 2924 παρεσκευάζοντο
1443 2851 1638 2908 ταῦτα·
1682 2848 1775 2906 καὶ
1801 2851 1914 2907 τοῖ-

220 2949 226 2955 ’
315 2957 378 2990 σι
409 2930 614 3007 ἥκουσι
653 2937 708 2996 ἔς
745 2931 851 3009 τήν
876 2933 1131 2995 Ἑλλάδα
1174 2935 1367 3013 κήρυξι
1392 2938 1605 2996 πολλοὶ
1630 2937 1735 3013 μὲν
1760 2934 1912 3010 ἤπει-

312 3021 526 3095 ρωτέων
573 3020 832 3083 ἐδίδοσαν
871 3022 943 3081 τοὶ
989 3024 1299 3101 προΐσχετο
1345 3026 1536 3085 αἰτέων
1583 3024 1616 3083 ὅ
1665 3024 1912 3099 Πέρσης,

314 3106 516 3171 πάντες
542 3109 602 3169 δὲ
629 3113 684 3169 οἱ
711 3112 979 3186 νησιῶται
1007 3116 1061 3172 ἐς
1084 3108 1216 3173 τούς
1234 3108 1527 3171 ἀπικοίατο
1570 3110 1914 3186 αἰτήσοντες.

317 3195 376 3251 οἵ
413 3221 474 3254 τε
518 3197 586 3273 δὴ
629 3197 800 3257 ἄλλοι
836 3202 1104 3273 νησιῶται
1142 3198 1359 3257 διδοῦσι
1392 3202 1501 3277 γῆν
1540 3225 1601 3257 τε
1642 3197 1733 3255 καὶ
1768 3195 1913 3269 ὕδωρ

317 3284 536 3363 Δαρείῳ
562 3287 655 3345 καὶ
681 3286 750 3361 δὴ
777 3286 868 3347 καὶ
894 3290 1208 3367 Αἰγινῆται·
1247 3286 1529 3362 ποιήσασι
1554 3285 1619 3343 δέ
1641 3290 1754 3361 σφι
1782 3284 1913 3343 ταΰ-
