2259 3500
353 114 631 179 ιιι-145]
977 114 1352 167 ΠΟΛΤΜΜΑ.
1861 119 1948 171 177

347 196 415 257 τό
448 195 635 273 ὄρθόν,
664 193 795 253 ἀλλ’
832 193 933 254 οὐκ
970 200 1027 259 ε’ς
1056 194 1400 273 Ἀθηναίους,
1425 198 1954 276 παρασκευάζεσθαι

350 283 425 343 ὧν
450 281 647 347 αὐτοῦς
668 282 739 346 ὥς
757 283 1221 362 ναυμαχήσοντας
1241 286 1635 363 συνεβούλευε,
1659 285 1729 351 ὦς
1752 288 1953 347 τούτου

349 370 534 434 ἐόντος
572 374 674 431 τοῦ
720 370 944 441 ξυλίνου
996 373 1227 451 τείχεος.
1308 373 1482 451 ταύτῃ
1535 376 1952 451 Θεμιστοκλέος

349 458 816 535 ἀποφαινομένου,
848 458 1138 535 Ἀθηναῖοι
1173 459 1350 521 ταῦτα’.
1381 467 1495 536 σφι
1528 461 1775 542 ἔγνωσαν
1807 465 1950 539 αἶρε-

346 545 557 623 τῶτερα
584 546 723 605 εἶναι
747 550 973 623 μᾶλλον
998 544 1035 621 ἦ
1062 546 1134 607 τὰ
1157 552 1268 609 τῶν
1293 548 1728 629 χρησμολόγων·
1773 549 1826 609 οἳ
1853 549 1952 611 οὐκ

349 635 449 693 ἔων
482 634 794 713 ναυμαχίην
830 632 1148 711 ἀρτέεσθαι,
1173 635 1241 697 «ra
1279 636 1340 695 δὲ
1377 635 1608 711 σύμπαν
1643 637 1796 707 εἶναι,
1826 638 1954 697 οὐδὲ

347 725 537 800 χεῖρας
589 720 979 798 ἀνταείρεσθαι
1030 720 1188 782 ἀλλὰ
1240 722 1570 787 ἐκλιπόντας
1615 750 1804 803 χωρην
1849 726 1953 803 τήν

347 807 606 884 Αττικήν
621 807 805 885 ἄλλην
818 835 943 869 τινα
924 810 1198 881 οἰκίζειν.
1241 810 1438 888 Ετέρη
1457 838 1518 871 τε
1538 814 1914 923 Θεμιστοκλέῖ
1933 814 2046 873 144

347 895 541 976 γνώμη
584 896 873 973 ἔμπροσθε
913 896 1119 973 ταύτης
1161 904 1216 963 ἐς
1257 899 1448 976 καιρόν
1486 900 1805 977 ἠρίστευσε·
1860 900 1952 960 ὅτε

346 983 695 1059 Ἀθηναίοισι
748 984 1057 1064 γενομένων
1108 985 1408 1064 χρημάτων
1451 986 1714 1067 μεγάλων
1768 992 1825 1047 ἐν
1877 992 1954 1067 τῷ

346 1075 524 1151 κοινῷ,
551 1071 623 1131 τοὶ
648 1076 709 1130 ἐκ
735 1074 845 1131 τῶν
880 1070 1181 1148 μετάλλων
1213 1080 1326 1148 σφι
1361 1075 1656 1149 προσῆλθε
1692 1076 1801 1134 τῶν
1838 1073 1952 1135 α’πό

344 1161 635 1236 Λαυρείου,
670 1161 911 1237 ἔμελλον
953 1160 1234 1230 λάξεσθαι
1263 1161 1504 1241 ὁρχηδὸν
1545 1164 1779 1226 ἕκαστος
1819 1163 1951 1223 δέκα

346 1248 615 1328 δραχμάς·
668 1248 796 1309 τότε
836 1250 1254 1325 Θεμιστοκλέης
1292 1249 1569 1330 ἀνέγνωσε
1606 1250 1950 1326 Ἀθηναίους,

346 1339 445 1411 τῆς
494 1336 795 1414 διαιρέσιος
861 1336 1065 1412 ταύτης
1120 1338 1512 1414 παυσαμένους
1565 1339 1690 1401 νέας
1741 1340 1951 1400 τούτων

344 1450 457 1485 των
479 1450 779 1503 χρήματων
805 1422 1160 1499 ποιήσασθαι
1182 1424 1535 1500 διηκοσίας,’
1509 1452 1564 1487 ες
1580 1425 1680 1487 τόν
1697 1426 1952 1503 πόλεμον

348 1510 445 1571 τόν
490 1513 628 1588 πρὸς
670 1510 971 1621 Αἰγινήτας
1012 1513 1214 1592 λέγων·
1273 1539 1434 1575 ουτος
1474 1540 1584 1593 γαρ
1627 1540 1658 1572 ο
1701 1512 1952 1590 πόλεμος

349 1600 564 1681 συστάς
594 1601 774 1661 ἔσωσε
806 1600 934 1660 τότε
958 1600 1061 1676 τὴν
1086 1594 1376 1673 Ἐλλάδα,
1387 1600 1708 1679 ἀναγκάσας
1736 1603 1950 1661 θαλασ-

349 1686 505 1749 σίους
528 1690 791 1768 γενέσθαι
821 1687 1169 1764 Ἀθηναίους·
1211 1691 1269 1747 αἱ
1296 1688 1408 1747 δὲ’
1381 1713 1436 1749 ες
1460 1686 1526 1745 τό
1553 1689 1656 1763 μὲν
1683 1687 1942 1765 ἐποιήθη-

350 1799 460 1836 σαν
500 1775 622 1835 οὐκ.
638 1775 1023 1855 ἐχρήσθησαν·
1079 1781 1135 1840 ἐς
1178 1776 1302 1835 δέον
1337 1776 1396 1836 δὲ
1430 1774 1570 1835 οὕτω
1602 1779 1675 1854 τῇ
1713 1775 1952 1837 Ἑλλάδι

348 1864 619 1944 ἐγένοντο·
702 1862 868 1926 αὗταί
906 1891 968 1926 τε
1010 1864 1081 1941 δή
1126 1867 1186 1924 αἱ
1228 1865 1344 1930 νέες
1393 1866 1548 1924 τοῖσι
1599 1861 1950 1937 Ἀθηναίοισι

344 1955 779 2030 προποιηθεῖσαι
816 1953 1087 2033 ὑπῆρχον,
1116 1953 1303 2029 ἐτέρας
1341 1977 1404 2011 τε
1445 1951 1558 2010 ἔδεε
1593 1976 1950 2028 προσναυπη-

344 2041 595 2122 γέεσθαι·
637 2038 792 2110 ἔδοξέ
813 2068 875 2101 τε
901 2049 1029 2118 σφι,
1050 2040 1193 2118 μετὰ
1220 2038 1286 2100 τό
1308 2037 1654 2118 χρηστήριον
1680 2039 1952 2114 βουλευο-

344 2131 584 2204 μένοισι,
634 2128 861 2190 ἐπιόντα
914 2131 1006 2188 ε’πὶ
1056 2129 1162 2204 τήν
1201 2127 1456 2188 Ἑλλάδα
1507 2127 1606 2188 τᾶν
1647 2127 1952 2205 βάρβαρον

347 2215 609 2276 δέκεσθαι
640 2219 779 2293 τῇσι
816 2216 981 2291 νηυσὶ
1016 2217 1308 2293 πανδημεὶ,
1336 2221 1414 2295 τῷ
1443 2217 1550 2295 θεῷ
1575 2216 1951 2291 πειθομένους,

348 2300 464 2376 ἅμα
515 2301 805 2408 Ἐλλήνων
854 2307 1007 2362 τοῖσι
1066 2304 1492 2381 βουλομένοισι.
1593 2302 1664 2362 τοὶ
1715 2306 1820 2378 μὲν
1885 2302 1953 2378 δή

348 2389 667 2465 χρηστήρια
692 2393 866 2448 ταῦτα
890 2395 1042 2450 τοῖσι
1066 2391 1470 2467 Ἀθηναίοισι’
1445 2390 1714 2472 εγεγόνεε.

419 2478 853 2558 Συλλεγομένων
878 2478 937 2536 δὲ
966 2484 1021 2540 ἐς
1044 2505 1220 2539 ‘rann-o
1248 2483 1359 2539 τῶν
1385 2479 1514 2555 περὶ
1538 2476 1642 2553 τὴν
1660 2477 1914 2536 Ελλάδα
1935 2477 2048 2535 145

352 2560 639 2639 Ελλήνων
668 2568 777 2624 τῶν
812 2563 883 2624 τοὶ
915 2564 1117 2642 ἀμείνω
1161 2565 1524 2642 φρονεόντων,
1569 2566 1660 2624 καὶ
1699 2564 1956 2625 διδόντων

352 2651 527 2724 σφίσι
557 2651 733 2733 λόγον
766 2653 857 2711 καὶ
884 2654 1095 2722 πίστιν,
1134 2654 1370 2712 ἐνθαῦτα
1407 2650 1590 2711 ἐδόκεε
1615 2651 1954 2726 βουλευομέ-

351 2763 500 2797 νοισι
528 2737 765 2810 αὐτοῖσι,
792 2744 1013 2816 πρῶτον
1050 2743 1154 2817 μὲν
1178 2738 1480 2819 χρημάτων
1503 2739 1724 2798 πάντων
1751 2741 1955 2797 καταλ-

350 2824 677 2889 λάσσεσθαι
714 2826 814 2889 τοῖς
851 2853 914 2887 τε
956 2828 1160 2906 ἔχθρας
1200 2827 1290 2885 καὶ
1329 2824 1459 2889 τούς
1500 2823 1616 2884 κατ’
1664 2822 1952 2899 ἀλλήλους

352 2912 542 2978 ε’όντας
588 2915 888 2992 πολέμους·
944 2915 1095 2991 ἦσαν
1135 2914 1194 2972 δὲ
1234 2912 1374 2988 πρός
1413 2937 1565 2973 τινας
1606 2912 1698 2969 καὶ
1745 2910 1957 2974 ἅλλους

352 3004 759 3081 ε’γκεχρημένοι,
799 3002 831 3063 ὅ
873 3004 932 3063 δὲ
976 3001 1050 3062 ὦν
1087 3001 1358 3081 μέγιστος
1391 2997 1745 3073 Ἀθηναίοισί
1771 3023 1832 3055 τε
1866 2998 1958 3055 καὶ

350 3091 701 3170 Αἰγινήτῃσι·
756 3089 901 3168 μετὰ
940 3090 1015 3158 δὲ,
1058 3085 1461 3162 πυνθανόμενοι
1495 3083 1706 3159 Ξέρξεα
1741 3107 1847 3142 συν
1881 3087 1959 3142 res

349 3183 573 3258 στρατῷ
598 3179 739 3241 εἶναι
766 3182 825 3238 ἐν
851 3176 1104 3253 Σάρδισι,
1127 3171 1546 3252 ἐβουλεύσαντο
1574 3167 1961 3233 κατασκόπους

349 3264 590 3342 πέμπειν
626 3273 683 3330 ἐς
715 3264 820 3340 γῆν
844 3261 1047 3334 Ἀσίην
1074 3263 1182 3316 τῶν
1218 3254 1496 3331 βασιλέος
1521 3255 1874 3333 πρηγμάτων,
1903 3259 1959 3317 ἐς
