2259 3500
26 3200 33 3274 Ι

78 258 99 293 ἱ

176 3220 241 3277 11

262 164 356 211 126
848 156 1214 209 ·nrvo·ro'r
1701 151 1854 219 [vn.

261 238 506 316 ἄλλονῆ
546 238 763 299 ἑωυτόν.
846 238 1170 316 ἐπειχθῆναι
1204 236 1310 312 μέν
1350 256 1446 295 νυν
1485 237 1599 294 πᾶν
1624 234 1862 314 πρῆγμα

258 328 430 388 τίκτει
462 325 798 402 σφάλματα,
828 330 888 384 ἐκ
924 329 1033 385 τῶν
1072 324 1265 400 ζημίαι
1301 322 1548 403 μεγάλαι
1591 322 1861 398 φιλέουσι

260 415 533 497 γίνεσθαι·
590 418 647 473 ἐν
688 412 748 471 δὲ
788 417 865 491 τῷ
908 413 1165 490 ἐπισχεῖν
1207 412 1389 471 ἔνεστι
1437 409 1637 490 dyonea,
1689 412 1736 467 εἰ
1781 408 1862 486 μὴ

260 502 571 581 παραυτίκα
610 501 873 561 δοκέοντα
916 500 1069 569 εἶναι,
1112 498 1243 557 ἀλλ’
1271 498 1376 558 dmi
1411 497 1616 577 χρόνον
1654 497 1863 574 ἐξεύροι

259 616 343 653 τις
369 590 456 649 ἄν.
531 589 627 649 σοὶ
652 592 756 665 μὲν
784 588 851 663 δὴ
878 591 1071 657 ταῦτα,
1102 585 1144 645 ὦ
1169 588 1436 663 βασιλεῦ,
1466 585 1861 662 συμβουλεύω·

262 676 337 739 σύ
384 678 460 748 δὲ,
509 677 551 735 ὦ
590 680 699 736 παῖ
742 676 1017 753 Γωβρύεω
1063 672 1366 753 Μαρδόνιε,
1414 676 1632 732 παῦσαι
1683 673 1865 753 λέγων

260 765 465 847 λόγους
497 765 764 841 ματαίους
804 764 932 841 περὶ
964 762 1271 839 Ἑλλήνων,
1305 760 1405 821 ούκ
1451 760 1646 820 ἐόντων
1699 759 1866 829 ἀξίων

261 853 523 931 φλαύρως
571 851 807 913 ἀκούειν·
844 851 1134 927 Ἕλληνας
1175 849 1286 931 γὰρ
1329 848 1674 926 διαβάλλων,
1714 850 1865 907 ἐπαί-

261 968 374 1017 ρεις
411 940 579 1002 adv-av
617 940 874 1018 βασιλέα
915 936 1340 1017 στρατεύεσθαι·
1384 936 1553 995 αὐτοῦ
1582 937 1641 995 δὲ
1665 935 1866 995 τούτου

267 1029 446 1089 εἵνεκα
482 1029 687 1092 δοκέεις
715 1054 822 1105 μοι,
851 1032 1045 1087 πᾶσαν
1084 1026 1400 1104 προθυμίην
1429 1025 1700 1085 ἐκτείνειν.
1783 1024 1866 1101 μή

262 1142 360 1177 νυν
402 1115 543 1175 οὕτω
581 1115 828 1197 γένηται·
871 1113 1119 1192 διαβολή
1147 1112 1257 1195 γάρ
1286 1118 1409 1173 ἐστι
1435 1112 1764 1173 δεινότατον·
1808 1118 1867 1173 ἐν

263 1208 337 1280 τῇ
363 1203 460 1262 δύο
493 1203 597 1279 μέν
639 1207 750 1261 εἶσι
792 1205 846 1261 οἱ
886 1200 1206 1270 ἀδικέοντες,
1237 1202 1311 1263 εἷς
1352 1201 1412 1259 δὲ
1439 1199 1470 1259 ὁ
1498 1199 1865 1277 ἀδικεόμενος·

264 1290 297 1350 ὅ
338 1294 441 1367 μὲν
481 1290 591 1372 γοὶρ
640 1289 968 1365 διαβάλλων
1012 1288 1212 1349 ἀδικέει
1255 1287 1320 1348 ού
1361 1289 1662 1367 παρεόντος
1703 1314 1866 1365 κατη-

263 1379 488 1459 γορέων·
530 1378 561 1437 ὁ
590 1378 649 1437 δὲ
674 1376 893 1446 ἀδικέει;
920 1376 1354 1453 ἀναπειθόμενος
1381 1377 1513 1454 πρὶν
1538 1375 1575 1453 ἦ
1600 1375 1867 1453 ἀτρεκέως

267 1465 499 1545 ἐκμάθῃ·
542 1465 575 1525 ὁ
612 1465 670 1525 δὲ
714 1465 781 1541 δή
826 1464 1010 1525 ἀπεῶν
1049 1469 1150 1526 τοῦ
1191 1464 1368 1545 λόγου
1402 1464 1532 1524 τάδε
1561 1470 1619 1524 ἐν
1647 1463 1868 1524 αὖτοῖσι

266 1552 555 1625 ἀδικέεται,
593 1553 921 1631 διαβληθείς
961 1579 1023 1613 τε
1060 1552 1171 1613 ύπό
1212 1555 1313 1612 τοῦ
1359 1552 1546 1630 ἐτέρου
1586 1553 1677 1611 καὶ
1715 1578 1866 1627 νομι-

266 1640 433 1705 σθεὶξ
460 1642 601 1720 πρός
631 1644 732 1703 τοῦ
774 1642 959 1720 ἐτέρου
1002 1640 1171 1704 κακός
1213 1640 1369 1701 εἶναι.
1452 1639 1583 1699 ἀλλ’
1612 1644 1659 1698 εἰ
1689 1639 1757 1714 δὴ
1785 1640 1871 1699 δεῖ

263 1757 331 1813 γε
372 1729 588 1795 πάντως
629 1730 720 1791 ἐπὶ
762 1729 891 1795 τούς
932 1730 1134 1809 ἄνδρας
1173 1728 1401 1794 τούτους
1442 1728 1864 1807 στρατεύεσθαι,

267 1820 423 1898 φέρε,
459 1820 740 1896 βασιλεῦς
775 1821 881 1895 μὲν
913 1818 1079 1880 αύτὸς
1111 1823 1169 1876 ἐν
1208 1815 1375 1893 ἤθεσι
1413 1821 1565 1877 τοῖσι
1600 1819 1868 1894 Περσέων

261 1909 487 1985 μενέτω»
535 1907 720 1984 ἡμέων
760 1907 819 1966 δὲ
854 1900 1186 1983 ἀμφοτέρων
1226 1907 1754 1983 παραβαλλομένων
1792 1906 1866 1967 τοὶ

261 1996 443 2065 τέκνα,
471 1993 853 2072 στρατηλάτεε
874 1992 1039 2057 αύτός
1057 1993 1132 2052 σι)
1161 1993 1554 2071 ἐπιλεξάμενός
1578 2021 1639 2054 τε
1667 1994 1866 2072 ἄνδρας

262 2083 393 2146 τοῦς
420 2083 627 2145 ἐθέλεις
654 2081 747 2141 καὶ
774 2079 973 2156 λαβῶν
1014 2079 1286 2159 στρατιὴν
1327 2081 1538 2158 ὁκόσην
1578 2084 1702 2142 τινοὶ
1726 2083 1864 2160 βού-

263 2175 417 2228 λεαι·
460 2170 552 2229 καὶ
594 2167 664 2245 ἦν
704 2171 808 2246 μὲν
849 2173 923 2247 τῇ
958 2167 1034 2227 σι)
1078 2170 1264 2250 λέγεις
1301 2168 1580 2249 ἀναβαίνῃ
1623 2170 1865 2246 βασιλέῗ

265 2258 337 2317 ταῖ
380 2256 701 2337 πρήγματα,
747 2253 1077 2316 κτεινέσθων
1122 2261 1177 2317 οἱ
1221 2257 1345 2334 ἐμοὶ
1391 2258 1583 2321 παῖδες
1625 2259 1764 2335 πρός
1805 2259 1866 2321 δὲ

264 2343 487 2405 αύτοῖσι
535 2343 627 2402 καὶ
674 2343 809 2425 ἐγω·
862 2342 932 2420 ἦν
975 2345 1035 2404 δὲ
1075 2349 1148 2424 τῇ
1191 2344 1297 2426 ἐγω
1346 2345 1623 2426 προλέγω,
1667 2351 1720 2406 οἶ
1766 2347 1866 2407 σοὶ

261 2437 436 2493 ταῦτα
476 2431 810 2512 πασχόντων
836 2457 946 2492 συν
972 2432 1035 2492 δέ
1059 2439 1172 2509 σφι
1201 2433 1292 2492 καὶ
1319 2433 1410 2503 σύ,
1439 2431 1509 2508 ἦν
1550 2433 1863 2511 ἀπονοστή-

263 2545 389 2600 σῃς·
433 2524 480 2578 εἰ
524 2519 583 2578 δὲ
626 2523 801 2581 ταῦτα
841 2521 945 2596 μὲν
979 2519 1269 2581 υποδύνειν
1305 2520 1402 2580 οὐκ
1446 2521 1749 2597 ἐθελήσεις,
1788 2549 1861 2583 συ

266 2609 324 2667 δὲ
349 2606 565 2670 πάντως
593 2607 913 2685 στράτευμα
941 2607 1202 2679 ἀνάξεις’
1177 2608 1268 2668 επὶ
1286 2633 1390 2684 την
1415 2608 1739 2680 Ἐλλάδα,’
1704 2611 1864 2670 ακού-

263 2696 477 2755 σεσθαί
510 2693 635 2755 τινά
678 2700 828 2772 φημι
868 2699 978 2756 τῶν
1014 2695 1185 2755 αὐτοῦ
1225 2697 1356 2774 τῇδε
1390 2693 1862 2774 ύπολειπομένων,

264 2782 585 2860 Μαρδόνιον
609 2784 757 2864 μέγα
782 2808 837 2842 τι
866 2782 1035 2843 κακόν
1061 2783 1468 2865 ἐξεργασμένον
1495 2785 1724 2861 Πέρσας
1749 2780 1859 2843 ύπὸ
1895 2785 1908 2796 ’

263 2875 435 2930 κυνῶν
471 2897 533 2930 τε
577 2870 692 2929 καὶ·
713 2869 943 2948 ὀρνίθων
988 2870 1438 2948 διαφορεύμενον,
1468 2867 1507 2946 ἦ
1552 2898 1650 2930 κου
1689 2877 1747 2931 ἐν
1787 2877 1861 2953 γῇ

262 2963 333 3036 τῇ
364 2958 671 3035 Ἀθηναίων
709 2957 747 3035 ἥ
790 2958 864 3018 σέ
902 2984 971 3039 γε
1007 2963 1065 3019 ἐν
1103 2961 1176 3035 τῇ
1203 2957 1665 3035 Λακεδαιμονίων,
1695 2963 1742 3018 εἰ
1779 2961 1861 3035 μὴ

262 3045 371 3122 ἄρα
398 3046 490 3105 καὶ
516 3046 789 3124 πρότερον
817 3044 935 3104 κατ’
964 3045 1109 3116 ὁδόν,
1140 3044 1346 3127 γνόντα
1373 3045 1456 3105 ἐπ’
1487 3045 1635 3108 οἴους
1663 3046 1863 3122 ἄνδρας

262 3132 652 3214 ἀναγινώσκεις
694 3134 1100 3211 στρατεύεσθαι
1140 3131 1447 3211 βασιλέα.”

342 3219 693 3299 Ἀρτάβανος
716 3225 822 3299 μὲν
852 3225 1028 3282 ταῦτα
1055 3221 1227 3291 ἔλεξε·
1270 3221 1481 3298 Ξέρξης
1507 3220 1566 3278 δὲ
1595 3219 1864 3296 θυμωθεὶς

265 3301 559 3382 ἀμείβεται
591 3309 805 3370 τοῖσδε·
846 3319 883 3346 “
896 3307 1234 3387 Ἀρτάβανε,
1261 3307 1470 3385 πατρὸς
1497 3305 1575 3368 εἴς
1597 3305 1700 3364 τοῦ
1727 3305 1866 3378 ἐμοῦ
