2259 3500
354 165 570 230 55—59]
915 159 921 168 '
977 163 1354 215 KAAAIOHH.
1863 155 1958 216 309

353 271 466 314 νον,
486 249 559 324 τῇ
581 246 674 304 καὶ
689 243 992 322 Δήμητρος
1007 242 1359 320 Ἐλευσινίης
1378 242 1501 321 ἶρόν
1518 240 1711 320 ἧσται·
1732 241 1959 321 οἷνέμενε

351 331 414 392 δὲ
438 333 600 392 τοῦδε
629 333 824 403 εἵνεκα,
855 333 959 407 ἵνα,
988 331 1058 409 ἦν
1082 333 1164 409 μή
1193 331 1445 412 οἷπολίπῃ
1471 331 1570 392 τόν
1590 335 1772 410 χῶρον
1800 338 1857 392 ἐν
1882 337 1961 412 τῷ

353 421 652 500 ἐτετάχατο
701 420 733 480 ὁ
779 419 1213 498 Ἀμομφάρετός
1264 447 1327 480 τε
1370 421 1461 479 καὶ
1509 419 1540 479 ὁ
1585 418 1775 498 λόχος,
1824 419 1956 479 ἀλλ’

350 507 522 568 αὐτοῦ
548 510 774 584 μένωσι,
801 509 1038 586 βοηθέοι
1065 508 1249 568 ὀπίσω
1277 507 1407 585 παρ’
1441 508 1694 570 ἐκείνους.
1780 509 1872 567 καὶ
1902 509 1962 568 οἵ

349 620 415 654 τε
447 596 598 672 α’,μφὶ
631 597 732 656 τόν
749 596 1185 674 Ἀμομφάρετον
1220 594 1586 676 παρεγίνοντό
1629 601 1740 671 σφι
1785 597 1879 654 καὶ
1916 595 1955 672 ἦ

353 682 522 746 ἵππος
561 685 601 760 ἦ
641 689 752 744 τῶν
791 683 1104 761 βαρβάρων
1147 685 1480 761 προσέκειτο
1513 685 1695 742 πᾶσα·
1746 686 1799 742 οἶ
1842 683 1953 764 γὰρ

351 771 585 830 ἱππόται
613 774 830 841 ἐποίευν
867 772 987 831 οἷον
1021 773 1113 831 καὶ
1142 772 1389 832 ἐώθεσαν
1413 772 1621 830 ποιέειν
1645 770 1770 829 αἰεί·
1816 771 1955 831 ἰδόν-

349 883 442 920 τες
467 857 526 917 δὲ
551 859 650 918 τὸν
674 863 859 938 χῶρον
888 859 1066 919 κεινόν
1092 865 1151 918 ἐν
1177 863 1253 938 τῷ
1281 858 1577 938 ἐτετάχατο
1605 861 1658 917 οἱ
1674 857 1955 934 Ἕλληνες

348 949 487 1023 τῇσι
525 949 833 1024 προτέρῃσι
865 946 1128 1024 ἡμέρῃσι,
1164 945 1411 1023 ἤλαυνον
1445 946 1573 1008 τοῦς
1612 947 1811 1008 ἵππους
1846 947 1954 1006 αἰεὶ

348 1032 416 1092 τὸ
441 1034 654 1110 πρόσω·
699 1035 789 1094 καὶ
811 1034 927 1110 ἅμα
955 1033 1374 1109 καταλαβόντες
1400 1033 1746 1111 προσεκέατό
1772 1039 1903 1108 σφι.

431 1121 748 1199 Μαρδόνιος
779 1123 838 1181 δὲ
873 1121 944 1185 ὥς
978 1121 1211 1181 ἐπύθετο
1246 1121 1376 1185 τοῦς
1391 1121 1681 1198 Ἕλληνας
1720 1121 1947 1202 άποιχο-
1965 1124 2043 1186 58

345 1209 544 1285 μένους
583 1209 694 1271 akr&
729 1210 910 1284 νύκτα,
962 1210 1075 1269 εἶδέ
1113 1236 1176 1269 τε
1217 1211 1317 1270 τὸν
1360 1215 1543 1290 χῶρον
1592 1215 1813 1288 ἐρῆμον,
1858 1237 1951 1271 κα-

346 1298 521 1362 λέσας
552 1297 652 1358 τᾶν
683 1302 1038 1376 Ληρισσαῖον
1067 1298 1305 1375 Θώρηκα
1338 1300 1428 1358 καὶ
1470 1298 1601 1362 τοῦς
1640 1298 1951 1375 οἷδελφεοῦς

347 1385 514 1444 αὐτοῦ
539 1385 871 1464 Εὐρύπυλον
898 1387 990 1444 καὶ
1014 1385 1383 1463 Θρασυδήῖον,
1413 1388 1590 1468 ἔλεγε·
1636 1397 1673 1422 “
1690 1386 1731 1444 ὦ
1756 1388 1948 1451 παῖδες

344 1471 599 1548 Ἀλεύεω,
634 1476 712 1534 ἔτι
745 1475 806 1534 τί
834 1475 1039 1544 λέξετε,
1073 1473 1205 1533 τάδε
1244 1473 1493 1550 ὁρέοντες
1541 1477 1744 1550 ε’ρῆμα;
1794 1473 1949 1549 ύμεῖς

345 1559 455 1641 γσῖρ
481 1565 536 1620 οἱ
559 1561 948 1640 πλησιόχωροι
975 1562 1196 1642 ἐλέγετε
1221 1561 1689 1636 Λακεδαιμονίους
1722 1560 1785 1620 οὗ
1816 1561 1947 1637 φεύ-

343 1673 464 1728 γειν
495 1653 556 1708 ἐκ
590 1647 792 1727 μάχης,
828 1648 982 1708 άλλιὶ
1013 1647 1213 1726 ἄνδρας
1250 1649 1387 1708 εἶναι
1421 1648 1493 1707 τιὶ
1526 1649 1774 1725 πολέμια
1800 1649 1945 1725 πρώ-

343 1760 490 1799 τους·
528 1729 657 1801 'tofis-
681 1734 953 1815 πρότερόν
976 1764 1038 1797 τε
1062 1737 1505 1814 μετισταμένους
1536 1741 1596 1795 ἐκ
1622 1741 1722 1813 τῆς
1757 1735 1945 1806 τάξιος

345 1823 528 1895 εἴδετε,
565 1828 663 1884 νῦν
692 1850 753 1884 τε
792 1824 902 1884 ὖπό
943 1825 1048 1901 τήν
1087 1826 1501 1905 παροιχομένην
1546 1824 1717 1885 νύκτα
1758 1825 1851 1883 καὶ
1891 1829 1945 1885 οἳ

341 1912 543 1975 πάντες
571 1911 801 1990 ὁρέομεν
831 1912 1173 1990 διαδράντας·
1219 1912 1461 1983 διέδεξάν
1493 1939 1571 1983 τε,
1610 1914 1733 1971 ε’πεί
1761 1918 1944 1988 σφεας

342 1999 456 2059 ἔδεε
488 2000 631 2078 πρός
664 2001 795 2065 τοῦς
835 2000 1111 2080 ἀψευδέως
1149 2001 1412 2079 οἷρίστους
1450 2000 1752 2078 ἀνθρώπων
1784 1999 1943 2081 μάχῃ

341 2086 702 2165 διακριθῆναι,
751 2088 839 2149 ὅτι
893 2089 1107 2153 οὐδένες
1160 2088 1270 2167 ἄρα
1322 2089 1502 2151 ἐόντες
1543 2094 1602 2149 ἐν
1645 2088 1943 2166 οὐδαμοῖσι

341 2178 498 2234 ἐοῦσι
528 2175 786 2251 Ἕλλησι
819 2177 1291 2237 ἐναπεδεικνύατο·
1342 2178 1434 2235 καὶ
1471 2176 1605 2253 ύμῖν
1642 2179 1745 2254 μὲν
1786 2180 1943 2236 ἐοῦσι

341 2263 608 2337 Περσέων
642 2262 927 2338 ἀπείροισι
958 2262 1154 2337 πολλή
1190 2264 1249 2321 ἔκ
1285 2290 1351 2343 γε
1387 2269 1518 2340 ἐμεῦ
1559 2268 1767 2347 ἐγίνετο
1805 2292 1939 2347 συγ-

337 2346 548 2426 γνώμη,
584 2348 942 2408 ἐπαινεόντων
972 2348 1201 2410 τούτους
1231 2352 1389 2408 τοῖσί
1409 2376 1465 2408 τι
1494 2354 1586 2410 καὶ
1618 2354 1938 2432 συνῃδέατε·

337 2433 693 2511 Ἀρταβάζου
734 2436 793 2495 δὲ
835 2437 996 2512 θῶμα
1033 2436 1124 2493 καὶ
1156 2440 1385 2510 μᾶλλον
1414 2439 1725 2513 ἐποιεύμην,
1752 2442 1818 2501 τὸ
1849 2442 1940 2500 καὶ

339 2522 762 2599 καταρρωδῆσαι
800 2522 1283 2598 Λακεδαιμονίους,
1328 2524 1833 2600 καταρρωδήσαντά
1876 2554 1939 2587 τε

338 2608 720 2679 ἀποδέξασθαι
749 2610 990 2692 γνώμην·
1007 2608 1349 2687 δειλοτάτην,
1383 2609 1453 2673 ὦς
1483 2610 1651 2689 χρεόν
1689 2613 1773 2687 εἴη
1808 2612 1937 2673 οἴνα-

337 2696 629 2767 ζεύξαντας
651 2698 718 2759 τὸ
746 2698 1128 2779 στρατόπεδον
1157 2698 1293 2758 ἱέναι
1321 2703 1376 2762 ἐς
1400 2698 1466 2759 τό
1499 2699 1765 2775 Θηβαίων
1792 2698 1937 2760 ἄστυ

335 2784 902 2863 πολιορκησομένους·
939 2786 1044 2863 τὴν
1070 2787 1149 2845 ἔτι
1176 2786 1318 2864 πρὸς
1344 2790 1474 2864 ἐμεῦ
1499 2786 1778 2864 βασιλεῦς
1807 2782 1937 2845 πεύ-

337 2890 517 2931 σεται.
600 2875 691 2933 καὶ
717 2874 923 2935 τούτων
944 2878 1048 2952 μὲν
1077 2875 1299 2952 ἑτέρωθι
1328 2876 1485 2934 ἔσται
1511 2874 1701 2955 λόγος·
1744 2880 1841 2935 νῦν
1876 2878 1936 2934 δὲ

337 2960 596 3022 ἐκείνοισι
629 2966 805 3023 ταῦτα
836 2968 1060 3022 ποιεῦσι
1095 2960 1195 3021 οὐκ
1232 2963 1561 3039 ἐπιτρεπτέα
1596 2964 1737 3022 ἐστί·
1780 2962 1934 3022 οἷλλοῖ

336 3046 582 3109 διωκτέοι
611 3051 721 3110 εἶσὶ
749 3055 803 3113 ἐς
823 3050 854 3110 ὃ
872 3050 1369 3125 καταλαμφθέντες
1395 3048 1645 3109 δώσουσι
1663 3049 1800 3127 ἡμῖν
1824 3054 1934 3110 τῶν
2027 3079 2107 3161 Θ

337 3134 406 3211 δή
443 3138 716 3215 ἐποίησαν
752 3138 983 3215 Πέρσας
1018 3138 1239 3197 πάντων
1269 3137 1469 3201 δίκας.”
1550 3142 1739 3198 Ταῦτα
1776 3140 1930 3203 εἴπας
1947 3140 2023 3199 59

331 3220 438 3305 ἦγε
476 3225 606 3289 τοῦς
644 3228 876 3303 Πέρσας
915 3226 1116 3305 δρόμῳ,
1162 3224 1465 3302 διαβάντας
1508 3224 1609 3287 τόν
1648 3225 1927 3298 Ἀσωπόν,

333 3314 478 3373 κατὰ
501 3313 710 3390 στίβον
734 3318 844 3375 τῶν
877 3313 1169 3389 Ἑλλήνων
1196 3313 1266 3377 ὥς
1291 3313 1359 3388 δὴ
1392 3313 1929 3391 ἀποδιδρησκόντων·
