2259 3500
305 128 370 182 74
921 122 1289 176 ἮΡοΔοΤοτ
1512 171 1523 180 .
1782 123 1907 191 [VI.
1928 171 1935 176 .

307 205 402 266 ἐπὶ
445 205 626 267 πλέον
669 205 890 286 ἐγένετο
933 203 1145 265 τούτων
1190 209 1247 267 ἐς
1294 205 1471 267 νεῖκος
1516 204 1694 281 φέρον
1729 203 1911 276 Ἴωσι,

309 290 466 352 ἀλλοῖ
489 291 623 353 τάδε
663 294 769 368 μὲν
801 291 1062 370 χρήσιμα
1103 289 1279 367 κάρτα
1318 294 1471 351 τοῖσι
1493 291 1657 350 Ἴωσι
1694 292 1913 372 ἐγένετο

308 379 509 441 τούτου
535 383 639 440 τοῦ
667 381 831 443 ἔτεος.
900 378 1286 456 Ἀρταφέρνης
1311 378 1343 439 ὁ
1372 379 1617 454 Σαρδίων
1643 377 1912 458 ὕπαρχος,

309 466 830 545 μεταπεμψάμενος.
849 467 1124 547 ἀγγέλους
1152 471 1211 526 ἐκ
1237 465 1348 526 τῶν
1372 467 1591 526 ’πολίων
1631 467 1917 542 συνθήκας

311 557 492 630 σφίσι
533 555 755 615 αὖτοῖσι
789 553 920 618 τούς
946 553 1145 617 Ἴωνας
1176 553 1462 635 ἠνάγκασε
1489 554 1798 626 ποιέεσθαι,
1828 556 1916 615 ἶνα

311 643 586 702 δοσίὸικοι
610 643 718 704 εἶεν
745 643 838 702 καὶ
862 641 944 719 μή
962 641 1252 717 ἀλλήλους
1273 642 1498 718 φέροιέν
1511 665 1575 700 τε
1594 641 1686 700 καὶ
1705 641 1915 723 ἄγοιεν.

310 731 488 791 ταῦτά
534 756 597 790 τε
639 730 928 813 ἠνάγκασε
973 730 1182 789 ποιέειν
1225 730 1317 788 καὶ
1352 729 1454 792 τοὶς
1494 728 1679 808 χώρας
1722 731 1917 806 σφέων

311 818 600 896 μετρήσας
658 817 798 878 κατοὶ
855 816 1471 898 παρασάγγας,·--τοῦς
1530 817 1800 878 καλέουσι
1862 821 1917 878 οἶ

313 906 539 982 Πέρσαι
589 904 662 967 ταῖ
712 905 1012 984 τριήκοντα
1064 904 1511 975 στάδια,--κατοὶ
1562 905 1631 980 δὴ
1688 905 1917 970 τούτους

313 993 600 1071 μετρήσας
642 992 854 1071 φόρους
897 993 1054 1064 ἔταξε
1102 992 1411 1063 ἑκάστοισι,
1450 992 1505 1052 οἳ
1548 992 1690 1052 κατοὶ
1730 993 1919 1072 χώρην

313 1080 665 1141 διατελέουσι
705 1085 926 1160 ἔχοντες
969 1085 1030 1140 ἐκ
1067 1079 1271 1140 τούτου
1313 1085 1414 1140 τοῦ
1450 1079 1655 1159 χρόνου
1694 1081 1801 1141 αἰεὶ
1838 1083 1919 1142 ἔτι

315 1169 409 1226 καὶ
435 1173 490 1230 ἐς
517 1171 632 1246 ἐμὲ,
661 1168 732 1232 ὥς
761 1168 1082 1248 ἐτάχθησαν
1119 1168 1183 1237 ἐξ
1213 1167 1641 1246 Ἀρταφέρνεος·
1685 1167 1919 1246 ἐτάχθη-

313 1281 428 1316 σαν
453 1255 512 1316 δὲ
539 1256 748 1334 σχεὸὂν
773 1254 918 1316 κατοὶ
939 1254 1017 1316 τοὶ
1043 1254 1185 1316 αὐτὰ
1218 1254 1292 1316 ταῖ
1328 1256 1421 1315 καὶ
1446 1255 1719 1334 πρότερον
1745 1257 1917 1335 εἶχον.

219 1343 299 1404 43
318 1343 439 1402 Καί
460 1350 574 1416 σφι
597 1348 774 1404 ταῦτα
813 1345 917 1421 μὲν
959 1346 1207 1421 εἰρηναῖα
1244 1343 1333 1420 ἦν.
1417 1343 1535 1421 ἅμα
1572 1343 1633 1404 δὲ
1667 1349 1745 1422 τῷ
1780 1345 1917 1422 ἔαρι,

313 1434 426 1491 τῶν
451 1430 642 1491 ἄλλων
675 1431 1137 1509 καταλελυμένων
1176 1436 1509 1514 στρατηγῶν
1535 1437 1599 1492 ἐκ
1621 1432 1917 1507 βασιλέος,

317 1517 635 1596 Μαρδόνιος
689 1519 721 1579 ὁ
771 1518 1047 1597 Γωβρύεω
1099 1521 1397 1596 κατέβαινε
1449 1520 1543 1580 ἐπὶ
1596 1519 1918 1592 θάλασσαν,

313 1605 562 1684 ,στρατὸν
614 1606 837 1668 πολλὸν
881 1610 986 1686 μὲν
1037 1608 1214 1686 κάρτα
1265 1607 1434 1680 πεζὸν
1484 1607 1604 1686 ἅμα
1648 1607 1922 1689 ἀγόμενος

314 1695 538 1757 πολλὰν
569 1695 630 1757 δὲ
665 1695 938 1779 ναυτικὸν,
966 1695 1193 1774 ἡλικίην
1218 1723 1283 1759 τε
1306 1697 1429 1761 νέος
1455 1697 1575 1768 ἐιόν,
1604 1696 1697 1757 καὶ
1722 1694 1923 1758 νεωστὶ

314 1785 644 1866 γεγαμηκώς
696 1786 977 1862 βασιλέος
1022 1786 1265 1864 Δαρείου
1320 1786 1597 1867 θυγατέρα
1646 1784 1922 1863 Ἀρταζῶ-

317 1898 518 1949 στρην.
597 1872 748 1954 ἄγων
787 1873 850 1933 δὲ
890 1871 992 1933 τᾶν
1033 1874 1280 1950 στρατόν
1318 1878 1517 1934 τοῦτον
1542 1872 1575 1933 ὅ
1602 1872 1924 1951 Μαρδόνιος

318 1961 444 2019 ἐπεί
463 1986 526 2019 τε
555 1961 771 2041 ἐγένετο
799 1965 858 2021 ἐν
882 1964 955 2039 τῇ
981 1962 1233 2040 Κιλικίῃ,
1262 1960 1429 2025 αὐτὸς
1452 1963 1557 2039 μὲν
1583 1961 1790 2037 ἐπιβὰς
1830 1962 1923 2021 ἐπὶ

318 2045 440 2113 νεός
479 2047 764 2122 ἐκομίζετο
791 2045 910 2123 ἅμα
932 2050 1070 2125 τῇσι
1105 2047 1325 2127 ἄλλῃσι
1350 2050 1535 2127 νηυσὶ,
1564 2047 1837 2126 στρατιὴν
1863 2049 1924 2109 δὲ

315 2134 423 2210 τήν
451 2133 626 2209 πεζήν
659 2132 834 2205 ἄλλοι
856 2134 1128 2215 ἡγεμόνες
1150 2135 1293 2217 ἦγον
1320 2138 1413 2197 ἐπὶ
1437 2137 1540 2198 τὸν
1564 2136 1921 2213 Ἑλλήσπον-

318 2247 439 2282 τον.
521 2222 593 2284 ὦς
619 2221 678 2281 δὲ
703 2224 1044 2298 παραπλέων
1081 2223 1189 2299 τήν
1212 2223 1416 2301 Ἀσίην
1442 2224 1675 2285 ἆπίκετο
1701 2224 1735 2285 ὁ
1762 2230 1923 2302 Μαρ-

319 2307 500 2372 δόνιος
530 2314 586 2373 ἐς
623 2310 728 2386 τήν
753 2309 980 2387 Ἰωνίην,
1011 2312 1252 2372 ἐνθαῦτα
1290 2313 1565 2394 μέγιστον
1597 2314 1759 2390 θῶμα
1791 2313 1923 2391 ἐρέω

317 2400 474 2457 τοῖσι
506 2396 586 2473 μή
629 2396 1092 2476 ἀποδεκομένοισι
1131 2398 1423 2475 Ἑλλήνων
1465 2401 1731 2479 Περσέων
1769 2404 1924 2461 τοῖσι

319 2482 462 2543 ἔπτὰ
511 2483 748 2545 Ὀτάνεα
800 2485 1028 2568 γνώμην
1071 2485 1457 2558 ἀποδέξασθαι
1504 2488 1576 2552 ὦς
1621 2488 1791 2567 χρεόν
1838 2489 1924 2564 εἴη

317 2570 797 2649 δημοκρατέεσθαι
837 2574 1088 2651 Πέρσας·
1143 2574 1273 2638 τούς
1317 2575 1427 2656 γὰρ
1472 2576 1767 2653 τυράννους
1812 2580 1925 2637 τῶν

320 2656 518 2718 ,Ἰώνων
558 2660 922 2725 καταπαύσας
959 2662 1178 2726 πάντας
1216 2662 1251 2723 ὅ
1288 2662 1606 2739 Μαρδόνιος
1648 2664 1925 2740 δημοκρα-

318 2746 440 2810 τίας
487 2748 726 2807 κατίστα
773 2753 829 2813 ἐς
873 2749 975 2813 τοὶς
1020 2749 1247 2814 πόλιας.
1328 2754 1506 2811 ταῦτα
1550 2751 1611 2809 δὲ
1658 2751 1924 2827 ποιήσας,

317 2832 582 2917 ἠπείγετο
625 2840 682 2899 ἐς
721 2835 821 2898 τᾶν
859 2836 1314 2913 Ἑλλήσποντον.
1397 2837 1467 2902 ὥς
1510 2838 1569 2896 δὲ
1607 2839 1927 2917 συνελέχθη

307 2920 425 2997 ‘fa-{v
462 2926 658 3002 χρῆμα
697 2924 923 2986 πολλὰν
965 2930 1118 2997 νεῶν,
1164 2925 1480 3005 συνελέχθη
1524 2926 1584 2985 δὲ
1627 2927 1720 2987 καὶ
1760 2925 1927 2997 πεζός

320 3009 541 3075 πολλὸς
573 3012 832 3091 στρατός,
861 3013 1160 3089 διαβάντες
1183 3018 1321 3091 τῇσι
1356 3014 1522 3091 νηυσὶ
1547 3014 1648 3075 τᾶν
1672 3012 1925 3089 Ἑλλήσ-

321 3120 528 3160 ποντον
560 3100 892 3178 ἐπορεύοντο
911 3100 1011 3161 ’διὰ
1037 3104 1141 3177 τῆς
1164 3101 1453 3179 Εὐρώπης·
1496 3100 1826 3179 ἐπορεύοντο
1866 3100 1929 3158 δὲ

227 3183 306 3243 44
323 3186 420 3244 ἐπί
449 3212 512 3247 τε
545 3187 834 3268 Ἐρέτριαν
871 3189 964 3249 καὶ
993 3188 1255 3266 Ἀθήνας.
1337 3190 1517 3252 Αὗται
1551 3191 1655 3266 μὲν
1698 3186 1773 3248 ὦν
1812 3191 1927 3261 σφι

323 3273 634 3353 πρόσχημα.
675 3277 826 3357 ἦσαν
865 3283 966 3341 τοῦ
1011 3276 1245 3340 στόλου·
1288 3278 1431 3356 οἷτοὶρ
1466 3284 1526 3339 ἐν
1562 3276 1671 3354 νόῳ
1706 3275 1927 3353 ἔχοντες
